
	<marc:record>
		<marc:leader>01144cam a2200277 a 4500</marc:leader>
		<marc:controlfield tag="001">14671951</marc:controlfield>
		<marc:controlfield tag="005">20160602084955.0</marc:controlfield>
		<marc:controlfield tag="008">061215r20071938nyu           000 0 eng  </marc:controlfield>
		<marc:datafield tag="010" ind1=" " ind2=" ">
			<marc:subfield code="a">  2006102122</marc:subfield>
		</marc:datafield>
		<marc:datafield tag="020" ind1=" " ind2=" ">
			<marc:subfield code="a">9781579126926 (hdbk.)</marc:subfield>
		</marc:datafield>
		<marc:datafield tag="040" ind1=" " ind2=" ">
			<marc:subfield code="a">DLC</marc:subfield>
			<marc:subfield code="c">DLC</marc:subfield>
			<marc:subfield code="d">DLC</marc:subfield>
		</marc:datafield>
		<marc:datafield tag="043" ind1=" " ind2=" ">
			<marc:subfield code="a">a-is---</marc:subfield>
			<marc:subfield code="a">awba---</marc:subfield>
		</marc:datafield>
		<marc:datafield tag="050" ind1="0" ind2="0">
			<marc:subfield code="a">PR6005.H66</marc:subfield>
			<marc:subfield code="b">A87 2007</marc:subfield>
		</marc:datafield>
		<marc:datafield tag="082" ind1="0" ind2="0">
			<marc:subfield code="a">823/.912</marc:subfield>
			<marc:subfield code="2">22</marc:subfield>
		</marc:datafield>
		<marc:datafield tag="100" ind1="1" ind2=" ">
			<marc:subfield code="a">Christie, Agatha</marc:subfield>
			<marc:subfield code="d">1890-1976</marc:subfield>
			<marc:subfield code="4">aut</marc:subfield>
			<marc:subfield code="0">http://viaf.org/viaf/71388952</marc:subfield>
		</marc:datafield>
		<marc:datafield tag="240" ind1="1" ind2="0">
			<marc:subfield code="a">Appointment with death.</marc:subfield>
			<marc:subfield code="l">eng</marc:subfield>
			<marc:subfield code="0">https://www.wikidata.org/wiki/Q752439</marc:subfield>
		</marc:datafield>
		<marc:datafield tag="245" ind1="1" ind2="0">
			<marc:subfield code="a">Appointment with death /</marc:subfield>
			<marc:subfield code="b">a Hercule Poirot mystery.</marc:subfield>
		</marc:datafield>
		<marc:datafield tag="260" ind1=" " ind2=" ">
			<marc:subfield code="a">New York :</marc:subfield>
			<marc:subfield code="b">Black Dog &amp; Leventhal Publishers :</marc:subfield>
			<marc:subfield code="b">Distributed by Workman Pub. Co.,</marc:subfield>
			<marc:subfield code="c">2007.</marc:subfield>
		</marc:datafield>
		<marc:datafield tag="300" ind1=" " ind2=" ">
			<marc:subfield code="a">253 p. ;</marc:subfield>
			<marc:subfield code="c">22 cm.</marc:subfield>
		</marc:datafield>
		<marc:datafield tag="336" ind1=" " ind2=" ">
			<marc:subfield code="a">text</marc:subfield>
			<marc:subfield code="b">txt</marc:subfield>
			<marc:subfield code="2">rdacontent</marc:subfield>
			<marc:subfield code="0">http://rdaregistry.info/termList/RDAContentType/1020</marc:subfield>
		</marc:datafield>
		<marc:datafield tag="337" ind1=" " ind2=" ">
			<marc:subfield code="a">unmediated</marc:subfield>
			<marc:subfield code="b">n</marc:subfield>
			<marc:subfield code="2">rdamedia</marc:subfield>
			<marc:subfield code="0">http://rdaregistry.info/termList/RDAMediaType/1007</marc:subfield>
		</marc:datafield>
		<marc:datafield tag="338" ind1=" " ind2=" ">
			<marc:subfield code="a">volume</marc:subfield>
			<marc:subfield code="b">nc</marc:subfield>
			<marc:subfield code="2">rdacarrier</marc:subfield>
			<marc:subfield code="0">http://rdaregistry.info/termList/RDACarrierType/1049</marc:subfield>
		</marc:datafield>
		<marc:datafield tag="600" ind1="1" ind2="0">
			<marc:subfield code="a">Poirot, Hercule</marc:subfield>
			<marc:subfield code="c">(Fiktiv person)</marc:subfield>
			<marc:subfield code="v">Fiksjon.</marc:subfield>
			<marc:subfield code="0">http://viaf.org/viaf/111145541825196601000</marc:subfield>
		</marc:datafield>
		<marc:datafield tag="650" ind1=" " ind2="0">
			<marc:subfield code="a">Privatdetektiver</marc:subfield>
			<marc:subfield code="z">Palestina</marc:subfield>
			<marc:subfield code="v">Fiksjon.</marc:subfield>
		</marc:datafield>
		<marc:datafield tag="650" ind1=" " ind2="0">
			<marc:subfield code="a">Belgiere</marc:subfield>
			<marc:subfield code="z">Palestina</marc:subfield>
			<marc:subfield code="v">Fiksjon.</marc:subfield>
		</marc:datafield>
		<marc:datafield tag="650" ind1=" " ind2="0">
			<marc:subfield code="a">Amerikanere</marc:subfield>
			<marc:subfield code="z">Palestina</marc:subfield>
			<marc:subfield code="v">Fiksjon.</marc:subfield>
		</marc:datafield>
		<marc:datafield tag="655" ind1=" " ind2="7">
			<marc:subfield code="a">Mysteriefortellinger.</marc:subfield>
		</marc:datafield>
	</marc:record>