
	<marc:record>
		<marc:leader>01162cam a2200301 a 4500</marc:leader>
		<marc:controlfield tag="001">16716710</marc:controlfield>
		<marc:controlfield tag="005">20180920134211.0</marc:controlfield>
		<marc:controlfield tag="008">110401r20111942meu     d     000 1 eng  </marc:controlfield>
		<marc:datafield tag="010" ind1=" " ind2=" ">
			<marc:subfield code="a">  2011014109</marc:subfield>
		</marc:datafield>
		<marc:datafield tag="020" ind1=" " ind2=" ">
			<marc:subfield code="a">9781611731552 (lg. print : library binding : alk. paper)</marc:subfield>
		</marc:datafield>
		<marc:datafield tag="020" ind1=" " ind2=" ">
			<marc:subfield code="a">1611731550 (lg. print : library binding : alk. paper)</marc:subfield>
		</marc:datafield>
		<marc:datafield tag="040" ind1=" " ind2=" ">
			<marc:subfield code="a">DLC</marc:subfield>
			<marc:subfield code="c">DLC</marc:subfield>
			<marc:subfield code="d">DLC</marc:subfield>
		</marc:datafield>
		<marc:datafield tag="042" ind1=" " ind2=" ">
			<marc:subfield code="a">pcc</marc:subfield>
		</marc:datafield>
		<marc:datafield tag="043" ind1=" " ind2=" ">
			<marc:subfield code="a">e-uk-en</marc:subfield>
		</marc:datafield>
		<marc:datafield tag="050" ind1="1" ind2="0">
			<marc:subfield code="a">PR6005.H66</marc:subfield>
			<marc:subfield code="b">B7 2011</marc:subfield>
		</marc:datafield>
		<marc:datafield tag="082" ind1="0" ind2="0">
			<marc:subfield code="a">823/.912</marc:subfield>
			<marc:subfield code="2">22</marc:subfield>
		</marc:datafield>
		<marc:datafield tag="100" ind1="1" ind2=" ">
			<marc:subfield code="a">Christie, Agatha</marc:subfield>
			<marc:subfield code="d">1890-1976</marc:subfield>
			<marc:subfield code="4">aut</marc:subfield>
			<marc:subfield code="0">http://viaf.org/viaf/71388952</marc:subfield>
		</marc:datafield>
		<marc:datafield tag="240" ind1="1" ind2="0">
			<marc:subfield code="a">The body in the library.</marc:subfield>
			<marc:subfield code="l">eng</marc:subfield>
			<marc:subfield code="0">https://www.wikidata.org/wiki/Q741407</marc:subfield>
		</marc:datafield>
		<marc:datafield tag="245" ind1="1" ind2="4">
			<marc:subfield code="a">The body in the library /</marc:subfield>
			<marc:subfield code="b">a Miss Marple mystery.</marc:subfield>
		</marc:datafield>
		<marc:datafield tag="260" ind1=" " ind2=" ">
			<marc:subfield code="a">Thorndike, Me. :</marc:subfield>
			<marc:subfield code="b">Center Point Pub.,</marc:subfield>
			<marc:subfield code="c">2011.</marc:subfield>
		</marc:datafield>
		<marc:datafield tag="300" ind1=" " ind2=" ">
			<marc:subfield code="a">255 p. (large print) ;</marc:subfield>
			<marc:subfield code="c">23 cm.</marc:subfield>
		</marc:datafield>
		<marc:datafield tag="336" ind1=" " ind2=" ">
			<marc:subfield code="a">text</marc:subfield>
			<marc:subfield code="b">txt</marc:subfield>
			<marc:subfield code="2">rdacontent</marc:subfield>
			<marc:subfield code="0">http://rdaregistry.info/termList/RDAContentType/1020</marc:subfield>
		</marc:datafield>
		<marc:datafield tag="337" ind1=" " ind2=" ">
			<marc:subfield code="a">unmediated</marc:subfield>
			<marc:subfield code="b">n</marc:subfield>
			<marc:subfield code="2">rdamedia</marc:subfield>
			<marc:subfield code="0">http://rdaregistry.info/termList/RDAMediaType/1007</marc:subfield>
		</marc:datafield>
		<marc:datafield tag="338" ind1=" " ind2=" ">
			<marc:subfield code="a">volume</marc:subfield>
			<marc:subfield code="b">nc</marc:subfield>
			<marc:subfield code="2">rdacarrier</marc:subfield>
			<marc:subfield code="0">http://rdaregistry.info/termList/RDACarrierType/1049</marc:subfield>
		</marc:datafield>
		<marc:datafield tag="500" ind1=" " ind2=" ">
			<marc:subfield code="a">Originally published in 1942.</marc:subfield>
		</marc:datafield>
		<marc:datafield tag="600" ind1="1" ind2="0">
			<marc:subfield code="a">Marple, Jane</marc:subfield>
			<marc:subfield code="c">(Fiktiv person)</marc:subfield>
			<marc:subfield code="v">Fiksjon.</marc:subfield>
			<marc:subfield code="0">http://viaf.org/viaf/20152329368502672984</marc:subfield>
		</marc:datafield>
		<marc:datafield tag="650" ind1=" " ind2="0">
			<marc:subfield code="a">Kvinnelige detektiver</marc:subfield>
			<marc:subfield code="z">England.</marc:subfield>
			<marc:subfield code="v">Fiksjon.</marc:subfield>
		</marc:datafield>
		<marc:datafield tag="655" ind1=" " ind2="0">
			<marc:subfield code="a">Store bøker.</marc:subfield>
		</marc:datafield>
		<marc:datafield tag="655" ind1=" " ind2="7">
			<marc:subfield code="a">Mysteriefortellinger.</marc:subfield>
		</marc:datafield>
	</marc:record>