
	<marc:record>
		<marc:leader>02057ngm a22003495a 4500</marc:leader>
		<marc:controlfield tag="001">11671837</marc:controlfield>
		<marc:controlfield tag="005">00000000000000.0</marc:controlfield>
		<marc:controlfield tag="008">960403r19821974xx 128            mleng  </marc:controlfield>
		<marc:datafield tag="035" ind1=" " ind2=" ">
			<marc:subfield code="9">(DLC)   96506585</marc:subfield>
		</marc:datafield>
		<marc:datafield tag="010" ind1=" " ind2=" ">
			<marc:subfield code="a">   96506585 </marc:subfield>
		</marc:datafield>
		<marc:controlfield tag="007">v| ||||||</marc:controlfield>
		<marc:datafield tag="040" ind1=" " ind2=" ">
			<marc:subfield code="a">DLC</marc:subfield>
			<marc:subfield code="c">DLC</marc:subfield>
			<marc:subfield code="e">amim</marc:subfield>
		</marc:datafield>
		<marc:datafield tag="050" ind1="0" ind2="0">
			<marc:subfield code="a">DAA 1395 (viewing copy)</marc:subfield>
		</marc:datafield>
		<marc:datafield tag="245" ind1="0" ind2="0">
			<marc:subfield code="a">Murder on the Orient Express /</marc:subfield>
			<marc:subfield code="c">Paramount Pictures Corporation in association with Nat Cohen presents a John Brabourne-Richard Goodwin production ; directed by Sidney Lumet ; produced by John Brabourne and Richard Goodwin ; screenplay by Paul Dehn.</marc:subfield>
		</marc:datafield>
		<marc:datafield tag="260" ind1=" " ind2=" ">
			<marc:subfield code="a">United States :</marc:subfield>
			<marc:subfield code="b">EMI Film Distributors, Ltd.,</marc:subfield>
			<marc:subfield code="c">1974 ;</marc:subfield>
			<marc:subfield code="a">United States :</marc:subfield>
			<marc:subfield code="b">Paramount Pictures Corporation,</marc:subfield>
			<marc:subfield code="c">1982.</marc:subfield>
		</marc:datafield>
		<marc:datafield tag="300" ind1=" " ind2=" ">
			<marc:subfield code="a">2 videodiscs of 2 (laser) (ca. 128 min.) :</marc:subfield>
			<marc:subfield code="b">sd., col., ;</marc:subfield>
			<marc:subfield code="c">12 in. viewing copy.</marc:subfield>
		</marc:datafield>
		<marc:datafield tag="336" ind1=" " ind2=" ">
			<marc:subfield code="a">two-dimensional moving image</marc:subfield>
			<marc:subfield code="b">tdi</marc:subfield>
			<marc:subfield code="2">rdacontent</marc:subfield>
			<marc:subfield code="0">http://rdaregistry.info/termList/RDAContentType/1023</marc:subfield>
		</marc:datafield>
		<marc:datafield tag="337" ind1=" " ind2=" ">
			<marc:subfield code="a">video</marc:subfield>
			<marc:subfield code="b">v</marc:subfield>
			<marc:subfield code="2">rdamedia</marc:subfield>
			<marc:subfield code="0">http://rdaregistry.info/termList/RDAMediaType/1008</marc:subfield>
		</marc:datafield>
		<marc:datafield tag="338" ind1=" " ind2=" ">
			<marc:subfield code="a">videodisc</marc:subfield>
			<marc:subfield code="b">vd</marc:subfield>
			<marc:subfield code="2">rdacarrier</marc:subfield>
			<marc:subfield code="0">http://rdaregistry.info/termList/RDACarrierType/1060</marc:subfield>
		</marc:datafield>
		<marc:datafield tag="508" ind1=" " ind2=" ">
			<marc:subfield code="a">Music by Richard Rodney Bennett.</marc:subfield>
		</marc:datafield>
		<marc:datafield tag="511" ind1="1" ind2=" ">
			<marc:subfield code="a">Albert Finney, Lauren Bacall, Martin Balsam, Ingrid Bergman, Jacqueline Bisset, Jean Pierre Cassel, Sean Connery, John Gielgud, Wendy Hiller, Anthony Perkins, Vanessa Redgrave, Rachel Roberts, Richard Widmark, Micheal York, Colin Blakely, George Couloris, Denis Quilly.</marc:subfield>
		</marc:datafield>
		<marc:datafield tag="500" ind1=" " ind2=" ">
			<marc:subfield code="a">Two videodiscs in one jacket.</marc:subfield>
		</marc:datafield>
		<marc:datafield tag="541" ind1=" " ind2=" ">
			<marc:subfield code="d">Received: ca. 1984;</marc:subfield>
			<marc:subfield code="3">viewing copy;</marc:subfield>
			<marc:subfield code="c">purchase;</marc:subfield>
			<marc:subfield code="a">LC Purchase Collection.</marc:subfield>
		</marc:datafield>
		<marc:datafield tag="655" ind1=" " ind2="7">
			<marc:subfield code="a">Mysteriefortellinger.</marc:subfield>
		</marc:datafield>
		<marc:datafield tag="700" ind1="1" ind2=" ">
			<marc:subfield code="a">Lumet, Sidney</marc:subfield>
			<marc:subfield code="d">1924-2011</marc:subfield>
			<marc:subfield code="4">drt</marc:subfield>
			<marc:subfield code="0">http://viaf.org/viaf/112355762</marc:subfield>
		</marc:datafield>
		<marc:datafield tag="700" ind1="1" ind2=" ">
			<marc:subfield code="a">Brabourne, John</marc:subfield>
			<marc:subfield code="d">1924-2005</marc:subfield>
			<marc:subfield code="4">pro</marc:subfield>
			<marc:subfield code="0">http://viaf.org/viaf/18336593</marc:subfield>
		</marc:datafield>
		<marc:datafield tag="700" ind1="1" ind2=" ">
			<marc:subfield code="a">Goodwin, Richard</marc:subfield>
			<marc:subfield code="d">1934-</marc:subfield>
			<marc:subfield code="4">pro</marc:subfield>
			<marc:subfield code="0"> http://viaf.org/viaf/78627804</marc:subfield>
		</marc:datafield>
		<marc:datafield tag="700" ind1="1" ind2=" ">
			<marc:subfield code="a">Dehn, Paul</marc:subfield>
			<marc:subfield code="d">1912-1976</marc:subfield>
			<marc:subfield code="4">aus</marc:subfield>
			<marc:subfield code="0">http://viaf.org/viaf/22343251</marc:subfield>
		</marc:datafield>
		<marc:datafield tag="700" ind1="1" ind2=" ">
			<marc:subfield code="a">Bennett, Richard Rodney</marc:subfield>
			<marc:subfield code="d">1936-2012</marc:subfield>
			<marc:subfield code="4">cmp</marc:subfield>
			<marc:subfield code="0">http://viaf.org/viaf/61731028</marc:subfield>
		</marc:datafield>
		<marc:datafield tag="700" ind1="1" ind2=" ">
			<marc:subfield code="a">Finney, Albert</marc:subfield>
			<marc:subfield code="d">1936-2019</marc:subfield>
			<marc:subfield code="4">act</marc:subfield>
			<marc:subfield code="0">http://viaf.org/viaf/74037468</marc:subfield>
		</marc:datafield>
		<marc:datafield tag="700" ind1="1" ind2=" ">
			<marc:subfield code="a">Bacall, Lauren</marc:subfield>
			<marc:subfield code="d">1924-2014</marc:subfield>
			<marc:subfield code="4">act</marc:subfield>
			<marc:subfield code="0">http://viaf.org/viaf/6818</marc:subfield>
		</marc:datafield>
		<marc:datafield tag="700" ind1="1" ind2=" ">
			<marc:subfield code="a">Balsam, Martin</marc:subfield>
			<marc:subfield code="d">1916-1966</marc:subfield>
			<marc:subfield code="4">act</marc:subfield>
			<marc:subfield code="0">http://viaf.org/viaf/33071687</marc:subfield>
		</marc:datafield>
		<marc:datafield tag="700" ind1="1" ind2=" ">
			<marc:subfield code="a">Connery, Sean</marc:subfield>
			<marc:subfield code="d">1930-</marc:subfield>
			<marc:subfield code="4">act</marc:subfield>
			<marc:subfield code="0">http://viaf.org/viaf/105140510</marc:subfield>
		</marc:datafield>
		<marc:datafield tag="700" ind1="1" ind2=" ">
			<marc:subfield code="a">Christie, Agatha</marc:subfield>
			<marc:subfield code="d">1890-1976</marc:subfield>
			<marc:subfield code="i">is adaptation of work</marc:subfield>
			<marc:subfield code="t">Murder on the orient express.</marc:subfield>
			<marc:subfield code="0">https://www.wikidata.org/wiki/Q845889</marc:subfield>
			<marc:subfield code="4">http://www.rdaregistry.info/Elements/w/#P10142</marc:subfield>
		</marc:datafield>
	</marc:record>