
	<marc:record>
		<marc:leader>01976cgm a22004335a 4500</marc:leader>
		<marc:controlfield tag="001">13029109</marc:controlfield>
		<marc:controlfield tag="005">20160602092031.0</marc:controlfield>
		<marc:controlfield tag="008">021212s2001    mdu153            vleng d</marc:controlfield>
		<marc:datafield ind1=" " ind2=" " tag="010">
			<marc:subfield code="a">  2002319533</marc:subfield>
		</marc:datafield>
		<marc:datafield ind1=" " ind2=" " tag="035">
			<marc:subfield code="a">(OCoLC)ocm49056597</marc:subfield>
		</marc:datafield>
		<marc:datafield ind1=" " ind2=" " tag="040">
			<marc:subfield code="a">X#4</marc:subfield>
			<marc:subfield code="c">X#4</marc:subfield>
			<marc:subfield code="d">TEF</marc:subfield>
			<marc:subfield code="d">OCLCQ</marc:subfield>
			<marc:subfield code="d">DLC</marc:subfield>
		</marc:datafield>
		<marc:datafield ind1=" " ind2=" " tag="042">
			<marc:subfield code="a">lccopycat</marc:subfield>
		</marc:datafield>
		<marc:datafield ind1=" " ind2=" " tag="020">
			<marc:subfield code="a">1569384827</marc:subfield>
		</marc:datafield>
		<marc:datafield ind1="1" ind2=" " tag="024">
			<marc:subfield code="a">054961482733</marc:subfield>
		</marc:datafield>
		<marc:datafield ind1="0" ind2="0" tag="245">
			<marc:subfield code="a">Agatha Christie's Poirot.</marc:subfield>
			<marc:subfield code="n">Collector's set 10</marc:subfield>
			<marc:subfield code="h">[videorecording] /</marc:subfield>
			<marc:subfield code="c">London Weekend Television ; producer, Brian Eastman, director, Renny Rye.</marc:subfield>
		</marc:datafield>
		<marc:datafield ind1=" " ind2=" " tag="260">
			<marc:subfield code="a">Silver Spring, MD :</marc:subfield>
			<marc:subfield code="b">Acorn Media,</marc:subfield>
			<marc:subfield code="c">c2001.</marc:subfield>
		</marc:datafield>
		<marc:datafield ind1=" " ind2=" " tag="300">
			<marc:subfield code="a">3 videocassettes (ca. 51 min. each) :</marc:subfield>
			<marc:subfield code="b">sd., col. ;</marc:subfield>
			<marc:subfield code="c">1/2 in.</marc:subfield>
		</marc:datafield>
		<marc:datafield tag="336" ind1=" " ind2=" ">
			<marc:subfield code="a">two-dimentional moving image</marc:subfield>
			<marc:subfield code="b">tdi</marc:subfield>
			<marc:subfield code="2">rdacontent</marc:subfield>
			<marc:subfield code="0">http://rdaregistry.info/termList/RDAContentType/1023</marc:subfield>
		</marc:datafield>
		<marc:datafield tag="337" ind1=" " ind2=" ">
			<marc:subfield code="a">video</marc:subfield>
			<marc:subfield code="b">v</marc:subfield>
			<marc:subfield code="2">rdamedia</marc:subfield>
			<marc:subfield code="0">http://rdaregistry.info/termList/RDAMediaType/1008</marc:subfield>
		</marc:datafield>
		<marc:datafield tag="338" ind1=" " ind2=" ">
			<marc:subfield code="a">videocassette</marc:subfield>
			<marc:subfield code="b">vf</marc:subfield>
			<marc:subfield code="2">rdacarrier</marc:subfield>
			<marc:subfield code="0">http://rdaregistry.info/termList/RDACarrierType/1052</marc:subfield>
		</marc:datafield>
		<marc:datafield ind1=" " ind2=" " tag="538">
			<marc:subfield code="a">VHS.</marc:subfield>
		</marc:datafield>
		<marc:datafield ind1="1" ind2=" " tag="511">
			<marc:subfield code="a">David Suchet, Hugh Fraser, Pauline Moran.</marc:subfield>
		</marc:datafield>
		<marc:datafield ind1="0" ind2=" " tag="505">
			<marc:subfield code="a">Adventure of Johnnie Waverly -- Four and twenty blackbirds -- Murder in the mews.</marc:subfield>
		</marc:datafield>
		<marc:datafield ind1="1" ind2="0" tag="600">
			<marc:subfield code="a">Poirot, Hercule</marc:subfield>
			<marc:subfield code="c">(Fiktiv person)</marc:subfield>
			<marc:subfield code="v">Fiksjon.</marc:subfield>
			<marc:subfield code="0">http://viaf.org/viaf/111145541825196601000</marc:subfield>
		</marc:datafield>
		<marc:datafield ind1=" " ind2="0" tag="655">
			<marc:subfield code="a">Detektiv- og mysteriefortellinger.</marc:subfield>
		</marc:datafield>
		<marc:datafield ind1="1" ind2=" " tag="700">
			<marc:subfield code="a">Christie, Agatha</marc:subfield>
			<marc:subfield code="d">1890-1976</marc:subfield>
			<marc:subfield code="4">aut</marc:subfield>
			<marc:subfield code="0">http://viaf.org/viaf/71388952</marc:subfield>
		</marc:datafield>
		<marc:datafield ind1="1" ind2=" " tag="700">
			<marc:subfield code="a">Rye, Renny</marc:subfield>
			<marc:subfield code="d">1947-</marc:subfield>
			<marc:subfield code="4">drt</marc:subfield>
			<marc:subfield code="0">http://viaf.org/viaf/269240536 </marc:subfield>
		</marc:datafield>
		<marc:datafield ind1="1" ind2=" " tag="700">
			<marc:subfield code="a">Suchet, David</marc:subfield>
			<marc:subfield code="d">1946-</marc:subfield>
			<marc:subfield code="4">act</marc:subfield>
			<marc:subfield code="0">http://viaf.org/viaf/85684285 </marc:subfield>
		</marc:datafield>
		<marc:datafield ind1="1" ind2=" " tag="700">
			<marc:subfield code="a">Fraser, Hugh</marc:subfield>
			<marc:subfield code="d">1950-</marc:subfield>
			<marc:subfield code="4">act</marc:subfield>
			<marc:subfield code="0">http://viaf.org/viaf/46358485</marc:subfield>
		</marc:datafield>
		<marc:datafield ind1="1" ind2=" " tag="700">
			<marc:subfield code="a">Moran, Pauline</marc:subfield>
			<marc:subfield code="d">1947-</marc:subfield>
			<marc:subfield code="4">act</marc:subfield>
			<marc:subfield code="0">http://viaf.org/viaf/301608155</marc:subfield>
		</marc:datafield>
	</marc:record>