
	<marc:record>
		<marc:leader>01969cgm a22004333a 4500</marc:leader>
		<marc:controlfield tag="001">13898597</marc:controlfield>
		<marc:controlfield tag="005">20160602092322.0</marc:controlfield>
		<marc:controlfield tag="007">vf cbaho|</marc:controlfield>
		<marc:controlfield tag="008">050314s2001    xxu051        |   vleng  </marc:controlfield>
		<marc:datafield ind1=" " ind2=" " tag="010">
			<marc:subfield code="a">  2005640336</marc:subfield>
		</marc:datafield>
		<marc:datafield tag="040" ind1=" " ind2=" ">
			<marc:subfield code="a">DLC</marc:subfield>
			<marc:subfield code="c">DLC</marc:subfield>
			<marc:subfield code="e">amim</marc:subfield>
			<marc:subfield code="d">DLC</marc:subfield>
		</marc:datafield>
		<marc:datafield ind1="0" ind2="0" tag="050">
			<marc:subfield code="a">VAJ 9384 (viewing copy)</marc:subfield>
		</marc:datafield>
		<marc:datafield tag="240" ind1="3" ind2=" ">
			<marc:subfield code="a">Four and twenty blackbirds.</marc:subfield>
			<marc:subfield code="l">eng</marc:subfield>
			<marc:subfield code="0">https://www.wikidata.org/wiki/Q9213168</marc:subfield>
		</marc:datafield>
		<marc:datafield tag="240" ind1="3" ind2=" ">
			<marc:subfield code="a">4 and 20 blackbirds.</marc:subfield>
			<marc:subfield code="i">Alternativ tittel</marc:subfield>
		</marc:datafield>
		<marc:datafield tag="240" ind1="3" ind2=" ">
			<marc:subfield code="a">4 and twenty blackbirds.</marc:subfield>
			<marc:subfield code="i">Alternativ tittel</marc:subfield>
		</marc:datafield>
		<marc:datafield tag="245" ind1="0" ind2="0">
			<marc:subfield code="a">Agatha Christie's Poirot.</marc:subfield>
			<marc:subfield code="p">Four and twenty blackbirds /</marc:subfield>
			<marc:subfield code="c">[produced by] London Weekend Television ; director, Renny Rye ; producer, Brian Eastman ; dramatized by Clive Exton.</marc:subfield>
		</marc:datafield>
		<marc:datafield ind1=" " ind2=" " tag="257">
			<marc:subfield code="a">Great Britain.</marc:subfield>
		</marc:datafield>
		<marc:datafield ind1=" " ind2=" " tag="260">
			<marc:subfield code="a">Great Britain :</marc:subfield>
			<marc:subfield code="b">LWT,</marc:subfield>
			<marc:subfield code="c">1989 ;</marc:subfield>
			<marc:subfield code="a">United States :</marc:subfield>
			<marc:subfield code="b">Acorn Media,</marc:subfield>
			<marc:subfield code="c">2001.</marc:subfield>
		</marc:datafield>
		<marc:datafield ind1=" " ind2=" " tag="300">
			<marc:subfield code="a">1 videocassette of 1 (VHS) (ca. 51 min.) :</marc:subfield>
			<marc:subfield code="b">sd., col. ;</marc:subfield>
			<marc:subfield code="c">1/2 in.</marc:subfield>
			<marc:subfield code="3">viewing copy.</marc:subfield>
		</marc:datafield>
		<marc:datafield tag="336" ind1=" " ind2=" ">
			<marc:subfield code="a">two-dimentional moving image</marc:subfield>
			<marc:subfield code="b">tdi</marc:subfield>
			<marc:subfield code="2">rdacontent</marc:subfield>
			<marc:subfield code="0">http://rdaregistry.info/termList/RDAContentType/1023</marc:subfield>
		</marc:datafield>
		<marc:datafield tag="337" ind1=" " ind2=" ">
			<marc:subfield code="a">video</marc:subfield>
			<marc:subfield code="b">v</marc:subfield>
			<marc:subfield code="2">rdamedia</marc:subfield>
			<marc:subfield code="0">http://rdaregistry.info/termList/RDAMediaType/1008</marc:subfield>
		</marc:datafield>
		<marc:datafield tag="338" ind1=" " ind2=" ">
			<marc:subfield code="a">videocassette</marc:subfield>
			<marc:subfield code="b">vf</marc:subfield>
			<marc:subfield code="2">rdacarrier</marc:subfield>
			<marc:subfield code="0">http://rdaregistry.info/termList/RDACarrierType/1052</marc:subfield>
		</marc:datafield>
		<marc:datafield ind1=" " ind2=" " tag="508">
			<marc:subfield code="a">Executive producers, Nick Elliott, Linda Agran.</marc:subfield>
		</marc:datafield>
		<marc:datafield ind1="1" ind2=" " tag="511">
			<marc:subfield code="a">David Suchet, Hugh Fraser, Philip Jackson, Pauline Moran.</marc:subfield>
		</marc:datafield>
		<marc:datafield ind1=" " ind2=" " tag="500">
			<marc:subfield code="a">Not viewed.</marc:subfield>
		</marc:datafield>
		<marc:datafield ind1=" " ind2=" " tag="500">
			<marc:subfield code="a">Sources used: video container; OCLC #23090648.</marc:subfield>
		</marc:datafield>
		<marc:datafield ind1=" " ind2=" " tag="541">
			<marc:subfield code="d">Received: 10/16/2003;</marc:subfield>
			<marc:subfield code="3">viewing copy;</marc:subfield>
			<marc:subfield code="c">copyright deposit--407;</marc:subfield>
			<marc:subfield code="a">Copyright Collection.</marc:subfield>
		</marc:datafield>
		<marc:datafield ind1="1" ind2="0" tag="600">
			<marc:subfield code="a">Poirot, Hercule</marc:subfield>
			<marc:subfield code="c">(Fiktiv person)</marc:subfield>
			<marc:subfield code="v">Fiksjon.</marc:subfield>
			<marc:subfield code="0">http://viaf.org/viaf/111145541825196601000</marc:subfield>
		</marc:datafield>
		<marc:datafield ind1=" " ind2="7" tag="655">
			<marc:subfield code="a">Mysteriefortellinger.</marc:subfield>
		</marc:datafield>
		<marc:datafield ind1=" " ind2="7" tag="655">
			<marc:subfield code="a">TV-serier.</marc:subfield>
		</marc:datafield>
		<marc:datafield ind1="1" ind2=" " tag="700">
			<marc:subfield code="a">Rye, Renny</marc:subfield>
			<marc:subfield code="d">1947-</marc:subfield>
			<marc:subfield code="4">drt</marc:subfield>
			<marc:subfield code="0">http://viaf.org/viaf/269240536</marc:subfield>
		</marc:datafield>
		<marc:datafield ind1="1" ind2=" " tag="700">
			<marc:subfield code="a">Eastman, Brian,</marc:subfield>
			<marc:subfield code="d">1949-</marc:subfield>
			<marc:subfield code="4">pro</marc:subfield>
			<marc:subfield code="0">http://viaf.org/viaf/9786615</marc:subfield>
		</marc:datafield>
		<marc:datafield ind1="1" ind2=" " tag="700">
			<marc:subfield code="a">Elliott, Nick</marc:subfield>
			<marc:subfield code="d">1944-</marc:subfield>
			<marc:subfield code="4">pro</marc:subfield>
			<marc:subfield code="0">http://viaf.org/viaf/7270845</marc:subfield>
		</marc:datafield>
		<marc:datafield ind1="1" ind2=" " tag="700">
			<marc:subfield code="a">Agran, Linda</marc:subfield>
			<marc:subfield code="4">pro</marc:subfield>
		</marc:datafield>
		<marc:datafield ind1="1" ind2=" " tag="700">
			<marc:subfield code="a">Exton, Clive,</marc:subfield>
			<marc:subfield code="d">1930-2007</marc:subfield>
			<marc:subfield code="4">aus</marc:subfield>
			<marc:subfield code="0">http://viaf.org/viaf/37121921</marc:subfield>
		</marc:datafield>
		<marc:datafield ind1="1" ind2=" " tag="700">
			<marc:subfield code="a">Suchet, David</marc:subfield>
			<marc:subfield code="d">1946-</marc:subfield>
			<marc:subfield code="4">act</marc:subfield>
			<marc:subfield code="0">http://viaf.org/viaf/85684285 </marc:subfield>
		</marc:datafield>
		<marc:datafield ind1="1" ind2=" " tag="700">
			<marc:subfield code="a">Fraser, Hugh</marc:subfield>
			<marc:subfield code="d">1950-</marc:subfield>
			<marc:subfield code="4">act</marc:subfield>
			<marc:subfield code="0">http://viaf.org/viaf/46358485</marc:subfield>
		</marc:datafield>
		<marc:datafield ind1="1" ind2=" " tag="700">
			<marc:subfield code="a">Jackson, Philip,</marc:subfield>
			<marc:subfield code="d">1948-</marc:subfield>
			<marc:subfield code="4">act</marc:subfield>
			<marc:subfield code="0">http://viaf.org/viaf/66310333</marc:subfield>
		</marc:datafield>
		<marc:datafield ind1="1" ind2=" " tag="700">
			<marc:subfield code="a">Moran, Pauline</marc:subfield>
			<marc:subfield code="d">1947-</marc:subfield>
			<marc:subfield code="4">act</marc:subfield>
			<marc:subfield code="0">http://viaf.org/viaf/301608155</marc:subfield>
		</marc:datafield>
		<marc:datafield ind1="1" ind2=" " tag="700">
			<marc:subfield code="a">Christie, Agatha</marc:subfield>
			<marc:subfield code="d">1890-1976</marc:subfield>
			<marc:subfield code="4">aut</marc:subfield>
			<marc:subfield code="0">http://viaf.org/viaf/71388952</marc:subfield>
		</marc:datafield>
		<marc:datafield ind1="2" ind2=" " tag="710">
			<marc:subfield code="a">Copyright Collection (Library of Congress)</marc:subfield>
			<marc:subfield code="5">DLC</marc:subfield>
		</marc:datafield>
		<marc:datafield tag="700" ind1="1" ind2=" ">
			<marc:subfield code="a">Christie, Agatha</marc:subfield>
			<marc:subfield code="d">1890-1976</marc:subfield>
			<marc:subfield code="i">is adaptation of work</marc:subfield>
			<marc:subfield code="t">Four and twenty blackbirds.</marc:subfield>
			<marc:subfield code="0">https://www.wikidata.org/wiki/Q9213168</marc:subfield>
			<marc:subfield code="4">http://www.rdaregistry.info/Elements/w/#P10142</marc:subfield>
		</marc:datafield>
	</marc:record>