
	<marc:record>
		<marc:leader>00906cam a2200277 i 4500</marc:leader>
		<marc:controlfield tag="001">17952636</marc:controlfield>
		<marc:controlfield tag="005">20140201153232.0</marc:controlfield>
		<marc:controlfield tag="008">131115s2013    sw            000 0 swe  </marc:controlfield>
		<marc:datafield tag="010" ind1=" " ind2=" ">
			<marc:subfield code="a">  2013391531</marc:subfield>
		</marc:datafield>
		<marc:datafield tag="020" ind1=" " ind2=" ">
			<marc:subfield code="a">9789164203595 (hd. bd.)</marc:subfield>
		</marc:datafield>
		<marc:datafield tag="035" ind1=" " ind2=" ">
			<marc:subfield code="a">(GyWOH)har135020149</marc:subfield>
		</marc:datafield>
		<marc:datafield tag="040" ind1=" " ind2=" ">
			<marc:subfield code="a">DLC</marc:subfield>
			<marc:subfield code="b">eng</marc:subfield>
			<marc:subfield code="c">DLC</marc:subfield>
			<marc:subfield code="e">rda</marc:subfield>
		</marc:datafield>
		<marc:datafield tag="042" ind1=" " ind2=" ">
			<marc:subfield code="a">pcc</marc:subfield>
		</marc:datafield>
		<marc:datafield tag="050" ind1="0" ind2="0">
			<marc:subfield code="a">PT9876.23.A653</marc:subfield>
			<marc:subfield code="b">L93 2013</marc:subfield>
		</marc:datafield>
		<marc:datafield tag="100" ind1="1" ind2=" ">
			<marc:subfield code="a">Marklund, Liza</marc:subfield>
			<marc:subfield code="d">1962-</marc:subfield>
			<marc:subfield code="4">aut</marc:subfield>
			<marc:subfield code="0">http://viaf.org/viaf/10014828</marc:subfield>
		</marc:datafield>
		<marc:datafield tag="240" ind1="1" ind2="0">
			<marc:subfield code="a">Lyckliga gatan.</marc:subfield>
			<marc:subfield code="l">sve</marc:subfield>
			<marc:subfield code="0">http://viaf.org/viaf/308689922</marc:subfield>
		</marc:datafield>
		<marc:datafield tag="245" ind1="1" ind2="0">
			<marc:subfield code="a">Lyckliga gatan.</marc:subfield>
		</marc:datafield>
		<marc:datafield tag="264" ind1=" " ind2="1">
			<marc:subfield code="a">Stockholm :</marc:subfield>
			<marc:subfield code="b">Piratförlaget,</marc:subfield>
			<marc:subfield code="c">[2013]</marc:subfield>
		</marc:datafield>
		<marc:datafield tag="300" ind1=" " ind2=" ">
			<marc:subfield code="a">413 pages ;</marc:subfield>
			<marc:subfield code="c">22 cm</marc:subfield>
		</marc:datafield>
		<marc:datafield tag="336" ind1=" " ind2=" ">
			<marc:subfield code="a">text</marc:subfield>
			<marc:subfield code="b">txt</marc:subfield>
			<marc:subfield code="2">rdacontent</marc:subfield>
			<marc:subfield code="0">http://rdaregistry.info/termList/RDAContentType/1020</marc:subfield>
		</marc:datafield>
		<marc:datafield tag="337" ind1=" " ind2=" ">
			<marc:subfield code="a">unmediated</marc:subfield>
			<marc:subfield code="b">n</marc:subfield>
			<marc:subfield code="2">rdamedia</marc:subfield>
			<marc:subfield code="0">http://rdaregistry.info/termList/RDAMediaType/1007</marc:subfield>
		</marc:datafield>
		<marc:datafield tag="338" ind1=" " ind2=" ">
			<marc:subfield code="a">volume</marc:subfield>
			<marc:subfield code="b">nc</marc:subfield>
			<marc:subfield code="2">rdacarrier</marc:subfield>
			<marc:subfield code="0">http://rdaregistry.info/termList/RDACarrierType/1049</marc:subfield>
		</marc:datafield>
		<marc:datafield tag="600" ind1="1" ind2="0">
			<marc:subfield code="a">Bengtzon, Annika</marc:subfield>
			<marc:subfield code="c">(Fiktiv person)</marc:subfield>
			<marc:subfield code="v">Fiksjon.</marc:subfield>
			<marc:subfield code="0">http://viaf.org/viaf/54150030590810961191</marc:subfield>
		</marc:datafield>
	</marc:record>