
	<marc:record>
		<marc:leader>01015nam a22002535a 4500</marc:leader>
		<marc:controlfield tag="001">22590090</marc:controlfield>
		<marc:controlfield tag="003">LIBRIS</marc:controlfield>
		<marc:controlfield tag="005">20180419181600.0</marc:controlfield>
		<marc:controlfield tag="007">cr||||||||||||</marc:controlfield>
		<marc:controlfield tag="008">180419s2016    xx |||| o    |||| 0|und d</marc:controlfield>
		<marc:datafield tag="020" ind1=" " ind2=" ">
			<marc:subfield code="z">1-910633-09-7 (Print)</marc:subfield>
			<marc:subfield code="z">978-1-910633-09-0 (Print)</marc:subfield>
		</marc:datafield>
		<marc:datafield tag="035" ind1=" " ind2=" ">
			<marc:subfield code="a">(WaSeSS)ssib026336435</marc:subfield>
		</marc:datafield>
		<marc:datafield tag="035" ind1=" " ind2=" ">
			<marc:subfield code="5">KrhE</marc:subfield>
			<marc:subfield code="a">(WaSeSS)ssib026336435</marc:subfield>
		</marc:datafield>
		<marc:datafield tag="100" ind1="1" ind2=" ">
			<marc:subfield code="a">Staalesen, Gunnar</marc:subfield>
			<marc:subfield code="d">1947-</marc:subfield>
			<marc:subfield code="4">aut</marc:subfield>
			<marc:subfield code="0">http://viaf.org/viaf/115049141</marc:subfield>
		</marc:datafield>
		<marc:datafield tag="240" ind1="1" ind2="0">
			<marc:subfield code="a">Der hvor roser aldri dør.</marc:subfield>
			<marc:subfield code="l">nor</marc:subfield>
			<marc:subfield code="0">http://viaf.org/viaf/307151423</marc:subfield>
		</marc:datafield>
		<marc:datafield tag="245" ind1="1" ind2="0">
			<marc:subfield code="a">Where Roses Never Die.</marc:subfield>
			<marc:subfield code="h">[Elektronisk resurs]</marc:subfield>
		</marc:datafield>
		<marc:datafield tag="260" ind1=" " ind2=" ">
			<marc:subfield code="c">2016</marc:subfield>
		</marc:datafield>
		<marc:datafield tag="336" ind1=" " ind2=" ">
			<marc:subfield code="a">text</marc:subfield>
			<marc:subfield code="b">txt</marc:subfield>
			<marc:subfield code="2">rdacontent</marc:subfield>
			<marc:subfield code="0">http://rdaregistry.info/termList/RDAContentType/1020</marc:subfield>
		</marc:datafield>
		<marc:datafield tag="337" ind1=" " ind2=" ">
			<marc:subfield code="a">computer</marc:subfield>
			<marc:subfield code="b">c</marc:subfield>
			<marc:subfield code="2">rdamedia</marc:subfield>
			<marc:subfield code="0">http://rdaregistry.info/termList/RDAMediaType/1007</marc:subfield>
		</marc:datafield>
		<marc:datafield tag="338" ind1=" " ind2=" ">
			<marc:subfield code="a">online resource</marc:subfield>
			<marc:subfield code="b">cr</marc:subfield>
			<marc:subfield code="2">rdacarrier</marc:subfield>
			<marc:subfield code="0">http://rdaregistry.info/termList/RDACarrierType/1018</marc:subfield>
		</marc:datafield>
		<marc:datafield tag="600" ind1=" " ind2="0">
			<marc:subfield code="a">Veum, Varg</marc:subfield>
			<marc:subfield code="c">(Fiktiv person)</marc:subfield>
			<marc:subfield code="v">Fiksjon.</marc:subfield>
			<marc:subfield code="0">http://viaf.org/viaf/28152986705012672996</marc:subfield>
		</marc:datafield>
		<marc:datafield tag="776" ind1="0" ind2="8">
			<marc:subfield code="i">Print</marc:subfield>
			<marc:subfield code="t">Where Roses Never Die</marc:subfield>
			<marc:subfield code="z">1910633097</marc:subfield>
			<marc:subfield code="z">9781910633090</marc:subfield>
		</marc:datafield>
		<marc:datafield tag="700" ind1="1" ind2=" ">
			<marc:subfield code="a">Amassian, Margaret</marc:subfield>
			<marc:subfield code="4">trl</marc:subfield>
			<marc:subfield code="0">http://viaf.org/viaf/184066881</marc:subfield>
		</marc:datafield>
		<marc:datafield tag="700" ind1="1" ind2=" ">
			<marc:subfield code="a">Staalesen, Gunnar</marc:subfield>
			<marc:subfield code="d">1947-</marc:subfield>
			<marc:subfield code="i">is translation of</marc:subfield>
			<marc:subfield code="t">Din, til døden</marc:subfield>
			<marc:subfield code="0">http://viaf.org/viaf/309415902</marc:subfield>
			<marc:subfield code="4">http://www.rdaregistry.info/Elements/e/P20141</marc:subfield>
		</marc:datafield>
		<marc:datafield tag="841" ind1=" " ind2=" ">
			<marc:subfield code="5">KrhE</marc:subfield>
			<marc:subfield code="a">x  a</marc:subfield>
			<marc:subfield code="b">180410||0000|||||001||||||000000</marc:subfield>
			<marc:subfield code="e">1</marc:subfield>
		</marc:datafield>
	</marc:record>