
	<marc:record>
		<marc:leader>00719cam a22002417a 4500</marc:leader>
		<marc:controlfield tag="001">13552769</marc:controlfield>
		<marc:controlfield tag="003">LIBRIS</marc:controlfield>
		<marc:controlfield tag="005">20130104114214.0</marc:controlfield>
		<marc:controlfield tag="008">121018s2012    no |||| r     ||| f|nor c</marc:controlfield>
		<marc:datafield tag="015" ind1=" " ind2=" ">
			<marc:subfield code="a">nf1228834</marc:subfield>
		</marc:datafield>
		<marc:datafield tag="015" ind1=" " ind2=" ">
			<marc:subfield code="a">(BIBBI)0283329</marc:subfield>
		</marc:datafield>
		<marc:datafield tag="020" ind1=" " ind2=" ">
			<marc:subfield code="a">9788205427266</marc:subfield>
		</marc:datafield>
		<marc:datafield tag="020" ind1=" " ind2=" ">
			<marc:subfield code="a">9788252580532</marc:subfield>
		</marc:datafield>
		<marc:datafield tag="082" ind1="0" ind2="4">
			<marc:subfield code="a">839.82374</marc:subfield>
			<marc:subfield code="2">23/swe</marc:subfield>
		</marc:datafield>
		<marc:datafield tag="100" ind1="1" ind2=" ">
			<marc:subfield code="a">Staalesen, Gunnar</marc:subfield>
			<marc:subfield code="d">1947-</marc:subfield>
			<marc:subfield code="4">aut</marc:subfield>
			<marc:subfield code="0">http://viaf.org/viaf/115049141</marc:subfield>
		</marc:datafield>
		<marc:datafield tag="240" ind1="1" ind2="0">
			<marc:subfield code="a">Der hvor roser aldri dør.</marc:subfield>
			<marc:subfield code="l">nor</marc:subfield>
			<marc:subfield code="0">http://viaf.org/viaf/307151423</marc:subfield>
		</marc:datafield>
		<marc:datafield tag="245" ind1="1" ind2="0">
			<marc:subfield code="a">Der hvor roser aldri dør.</marc:subfield>
		</marc:datafield>
		<marc:datafield tag="260" ind1=" " ind2=" ">
			<marc:subfield code="a">Oslo :</marc:subfield>
			<marc:subfield code="b">Gyldendal,</marc:subfield>
			<marc:subfield code="c">2012</marc:subfield>
		</marc:datafield>
		<marc:datafield tag="300" ind1=" " ind2=" ">
			<marc:subfield code="a">314 s.</marc:subfield>
		</marc:datafield>
		<marc:datafield tag="336" ind1=" " ind2=" ">
			<marc:subfield code="a">text</marc:subfield>
			<marc:subfield code="b">txt</marc:subfield>
			<marc:subfield code="2">rdacontent</marc:subfield>
			<marc:subfield code="0">http://rdaregistry.info/termList/RDAContentType/1020</marc:subfield>
		</marc:datafield>
		<marc:datafield tag="337" ind1=" " ind2=" ">
			<marc:subfield code="a">unmediated</marc:subfield>
			<marc:subfield code="b">n</marc:subfield>
			<marc:subfield code="2">rdamedia</marc:subfield>
			<marc:subfield code="0">http://rdaregistry.info/termList/RDAMediaType/1007</marc:subfield>
		</marc:datafield>
		<marc:datafield tag="338" ind1=" " ind2=" ">
			<marc:subfield code="a">volume</marc:subfield>
			<marc:subfield code="b">nc</marc:subfield>
			<marc:subfield code="2">rdacarrier</marc:subfield>
			<marc:subfield code="0">http://rdaregistry.info/termList/RDACarrierType/1049</marc:subfield>
		</marc:datafield>
		<marc:datafield tag="490" ind1="0" ind2=" ">
			<marc:subfield code="a">[Varg Veum ;</marc:subfield>
			<marc:subfield code="v">16]</marc:subfield>
		</marc:datafield>
		<marc:datafield tag="500" ind1=" " ind2=" ">
			<marc:subfield code="a">3. oppl. 2012</marc:subfield>
		</marc:datafield>
		<marc:datafield tag="500" ind1=" " ind2=" ">
			<marc:subfield code="a">Serietittel hentet fra løst omslag</marc:subfield>
		</marc:datafield>
		<marc:datafield tag="600" ind1=" " ind2="0">
			<marc:subfield code="a">Veum, Varg</marc:subfield>
			<marc:subfield code="c">(Fiktiv person)</marc:subfield>
			<marc:subfield code="v">Fiksjon.</marc:subfield>
			<marc:subfield code="0">http://viaf.org/viaf/28152986705012672996</marc:subfield>
		</marc:datafield>
		<marc:datafield tag="841" ind1=" " ind2=" ">
			<marc:subfield code="5">Q</marc:subfield>
			<marc:subfield code="a">xo a</marc:subfield>
			<marc:subfield code="b">1301044u    8   1001uu   0901128</marc:subfield>
			<marc:subfield code="e">4</marc:subfield>
		</marc:datafield>
	</marc:record>