
	<marc:record>
		<marc:leader>01215cam a22003617a 4500</marc:leader>
		<marc:controlfield tag="001">10708756</marc:controlfield>
		<marc:controlfield tag="003">LIBRIS</marc:controlfield>
		<marc:controlfield tag="005">20081007092827.0</marc:controlfield>
		<marc:controlfield tag="008">080307s2006    no            000 f nor c</marc:controlfield>
		<marc:datafield tag="020" ind1=" " ind2=" ">
			<marc:subfield code="a">82-05-35806-0</marc:subfield>
		</marc:datafield>
		<marc:datafield tag="020" ind1=" " ind2=" ">
			<marc:subfield code="a">978-82-05-35806-5</marc:subfield>
		</marc:datafield>
		<marc:datafield tag="020" ind1=" " ind2=" ">
			<marc:subfield code="a">82-525-6384-8 (Bokklubben)</marc:subfield>
		</marc:datafield>
		<marc:datafield tag="020" ind1=" " ind2=" ">
			<marc:subfield code="a">978-525-6384-9 (Bokklubben)</marc:subfield>
		</marc:datafield>
		<marc:datafield tag="020" ind1=" " ind2=" ">
			<marc:subfield code="a">82-02-26697-1 (Cappelens Bokklubb)</marc:subfield>
		</marc:datafield>
		<marc:datafield tag="040" ind1=" " ind2=" ">
			<marc:subfield code="a">NLGGC</marc:subfield>
			<marc:subfield code="e">fobidrtb</marc:subfield>
			<marc:subfield code="b">dut</marc:subfield>
			<marc:subfield code="c">NLGGC</marc:subfield>
			<marc:subfield code="d">H</marc:subfield>
		</marc:datafield>
		<marc:datafield tag="082" ind1="0" ind2="4">
			<marc:subfield code="a">839.82</marc:subfield>
			<marc:subfield code="2">22 (machine generated)</marc:subfield>
		</marc:datafield>
		<marc:datafield tag="084" ind1=" " ind2=" ">
			<marc:subfield code="a">Hdb.01</marc:subfield>
			<marc:subfield code="2">kssb/8</marc:subfield>
		</marc:datafield>
		<marc:datafield tag="100" ind1="1" ind2=" ">
			<marc:subfield code="a">Staalesen, Gunnar</marc:subfield>
			<marc:subfield code="d">1947-</marc:subfield>
			<marc:subfield code="4">aut</marc:subfield>
			<marc:subfield code="0">http://viaf.org/viaf/115049141</marc:subfield>
		</marc:datafield>
		<marc:datafield tag="240" ind1="1" ind2="0">
			<marc:subfield code="a">Dødens drabanter.</marc:subfield>
			<marc:subfield code="l">nor</marc:subfield>
			<marc:subfield code="0">http://viaf.org/viaf/312484025</marc:subfield>
		</marc:datafield>
		<marc:datafield tag="245" ind1="1" ind2="0">
			<marc:subfield code="a">dødens drabanter.</marc:subfield>
		</marc:datafield>
		<marc:datafield tag="260" ind1=" " ind2=" ">
			<marc:subfield code="a">Oslo :</marc:subfield>
			<marc:subfield code="b">Gyldendal,</marc:subfield>
			<marc:subfield code="c">2006</marc:subfield>
		</marc:datafield>
		<marc:datafield tag="300" ind1=" " ind2=" ">
			<marc:subfield code="a">364 p. ;</marc:subfield>
			<marc:subfield code="c">22 cm</marc:subfield>
		</marc:datafield>
		<marc:datafield tag="336" ind1=" " ind2=" ">
			<marc:subfield code="a">text</marc:subfield>
			<marc:subfield code="b">txt</marc:subfield>
			<marc:subfield code="2">rdacontent</marc:subfield>
			<marc:subfield code="0">http://rdaregistry.info/termList/RDAContentType/1020</marc:subfield>
		</marc:datafield>
		<marc:datafield tag="337" ind1=" " ind2=" ">
			<marc:subfield code="a">unmediated</marc:subfield>
			<marc:subfield code="b">n</marc:subfield>
			<marc:subfield code="2">rdamedia</marc:subfield>
			<marc:subfield code="0">http://rdaregistry.info/termList/RDAMediaType/1007</marc:subfield>
		</marc:datafield>
		<marc:datafield tag="338" ind1=" " ind2=" ">
			<marc:subfield code="a">volume</marc:subfield>
			<marc:subfield code="b">nc</marc:subfield>
			<marc:subfield code="2">rdacarrier</marc:subfield>
			<marc:subfield code="0">http://rdaregistry.info/termList/RDACarrierType/1049</marc:subfield>
		</marc:datafield>
		<marc:datafield tag="440" ind1=" " ind2="0">
			<marc:subfield code="a">Krim</marc:subfield>
		</marc:datafield>
		<marc:datafield ind1="1" ind2="0" tag="600">
			<marc:subfield code="a">Veum, Varg</marc:subfield>
			<marc:subfield code="c">(Fiktiv person)</marc:subfield>
			<marc:subfield code="v">Fiksjon.</marc:subfield>
			<marc:subfield code="0">http://viaf.org/viaf/28152986705012672996</marc:subfield>
		</marc:datafield>
		<marc:datafield tag="841" ind1=" " ind2=" ">
			<marc:subfield code="5">G</marc:subfield>
			<marc:subfield code="a">x  a</marc:subfield>
			<marc:subfield code="b">0803124u    8   1001uu   0901128</marc:subfield>
			<marc:subfield code="e">4</marc:subfield>
		</marc:datafield>
		<marc:datafield tag="841" ind1=" " ind2=" ">
			<marc:subfield code="5">Gbg</marc:subfield>
			<marc:subfield code="a">u  a</marc:subfield>
			<marc:subfield code="b">080820||0000|||||001||||||000000</marc:subfield>
			<marc:subfield code="e">1</marc:subfield>
		</marc:datafield>
		<marc:datafield tag="841" ind1=" " ind2=" ">
			<marc:subfield code="5">H</marc:subfield>
			<marc:subfield code="a">xr a</marc:subfield>
			<marc:subfield code="b">080307||    |||||001||||||000000</marc:subfield>
			<marc:subfield code="e">1</marc:subfield>
		</marc:datafield>
		<marc:datafield tag="841" ind1=" " ind2=" ">
			<marc:subfield code="5">Q</marc:subfield>
			<marc:subfield code="a">x  a</marc:subfield>
			<marc:subfield code="b">0806184u    8   1001uu   0901128</marc:subfield>
			<marc:subfield code="e">4</marc:subfield>
		</marc:datafield>
		<marc:datafield tag="841" ind1=" " ind2=" ">
			<marc:subfield code="5">U</marc:subfield>
			<marc:subfield code="a">x  a</marc:subfield>
			<marc:subfield code="b">0803114u    8   1001uu   0901128</marc:subfield>
			<marc:subfield code="e">4</marc:subfield>
		</marc:datafield>
	</marc:record>