
	<marc:record>
		<marc:leader>00894cam a22003253  4500</marc:leader>
		<marc:controlfield tag="001">7175142</marc:controlfield>
		<marc:controlfield tag="003">LIBRIS</marc:controlfield>
		<marc:controlfield tag="005">20051214170334.0</marc:controlfield>
		<marc:controlfield tag="008">011211s1991    no            000 0 nor c</marc:controlfield>
		<marc:datafield tag="020" ind1=" " ind2=" ">
			<marc:subfield code="a">82-05-20262-1 ;</marc:subfield>
			<marc:subfield code="c">Gyldendal</marc:subfield>
		</marc:datafield>
		<marc:datafield tag="020" ind1=" " ind2=" ">
			<marc:subfield code="a">82-574-0879-4 (Nye bk̜er)</marc:subfield>
		</marc:datafield>
		<marc:datafield tag="035" ind1=" " ind2=" ">
			<marc:subfield code="9">8205202621</marc:subfield>
		</marc:datafield>
		<marc:datafield tag="035" ind1=" " ind2=" ">
			<marc:subfield code="5">Mo</marc:subfield>
			<marc:subfield code="a">(Mo)b1303176</marc:subfield>
		</marc:datafield>
		<marc:datafield tag="040" ind1=" " ind2=" ">
			<marc:subfield code="a">H</marc:subfield>
		</marc:datafield>
		<marc:datafield tag="082" ind1="0" ind2="4">
			<marc:subfield code="a">839.82</marc:subfield>
			<marc:subfield code="2">22 (machine generated)</marc:subfield>
		</marc:datafield>
		<marc:datafield tag="084" ind1=" " ind2=" ">
			<marc:subfield code="a">Hdb.01</marc:subfield>
			<marc:subfield code="2">kssb/6</marc:subfield>
		</marc:datafield>
		<marc:datafield tag="084" ind1=" " ind2=" ">
			<marc:subfield code="5">Mo</marc:subfield>
			<marc:subfield code="a">Hdb.01</marc:subfield>
			<marc:subfield code="2">kssb/8</marc:subfield>
		</marc:datafield>
		<marc:datafield tag="100" ind1="1" ind2=" ">
			<marc:subfield code="a">Staalesen, Gunnar</marc:subfield>
			<marc:subfield code="d">1947-</marc:subfield>
			<marc:subfield code="4">aut</marc:subfield>
			<marc:subfield code="0">http://viaf.org/viaf/115049141</marc:subfield>
		</marc:datafield>
		<marc:datafield tag="240" ind1="1" ind2="0">
			<marc:subfield code="a">Bitre blomster.</marc:subfield>
			<marc:subfield code="l">nor</marc:subfield>
			<marc:subfield code="0">http://viaf.org/viaf/309363103</marc:subfield>
		</marc:datafield>
		<marc:datafield tag="245" ind1="0" ind2="0">
			<marc:subfield code="a">Bitre blomster.</marc:subfield>
		</marc:datafield>
		<marc:datafield tag="260" ind1=" " ind2=" ">
			<marc:subfield code="a">Oslo :</marc:subfield>
			<marc:subfield code="b">Gyldendal,</marc:subfield>
			<marc:subfield code="c">1991</marc:subfield>
		</marc:datafield>
		<marc:datafield tag="300" ind1=" " ind2=" ">
			<marc:subfield code="a">287 s.</marc:subfield>
		</marc:datafield>
		<marc:datafield tag="336" ind1=" " ind2=" ">
			<marc:subfield code="a">text</marc:subfield>
			<marc:subfield code="b">txt</marc:subfield>
			<marc:subfield code="2">rdacontent</marc:subfield>
			<marc:subfield code="0">http://rdaregistry.info/termList/RDAContentType/1020</marc:subfield>
		</marc:datafield>
		<marc:datafield tag="337" ind1=" " ind2=" ">
			<marc:subfield code="a">unmediated</marc:subfield>
			<marc:subfield code="b">n</marc:subfield>
			<marc:subfield code="2">rdamedia</marc:subfield>
			<marc:subfield code="0">http://rdaregistry.info/termList/RDAMediaType/1007</marc:subfield>
		</marc:datafield>
		<marc:datafield tag="338" ind1=" " ind2=" ">
			<marc:subfield code="a">volume</marc:subfield>
			<marc:subfield code="b">nc</marc:subfield>
			<marc:subfield code="2">rdacarrier</marc:subfield>
			<marc:subfield code="0">http://rdaregistry.info/termList/RDACarrierType/1049</marc:subfield>
		</marc:datafield>
		<marc:datafield tag="500" ind1=" " ind2=" ">
			<marc:subfield code="5">Mo</marc:subfield>
			<marc:subfield code="a">Originalupplaga 1991</marc:subfield>
		</marc:datafield>
		<marc:datafield tag="546" ind1=" " ind2=" ">
			<marc:subfield code="5">Mo</marc:subfield>
			<marc:subfield code="a">norska</marc:subfield>
		</marc:datafield>
		<marc:datafield tag="600" ind1=" " ind2="0">
			<marc:subfield code="a">Veum, Varg</marc:subfield>
			<marc:subfield code="c">(Fiktiv person)</marc:subfield>
			<marc:subfield code="v">Fiksjon.</marc:subfield>
			<marc:subfield code="0">http://viaf.org/viaf/28152986705012672996</marc:subfield>
		</marc:datafield>
		<marc:datafield tag="841" ind1=" " ind2=" ">
			<marc:subfield code="5">H</marc:subfield>
			<marc:subfield code="a">xa a</marc:subfield>
			<marc:subfield code="b">0201080u    0   4000uu   |000000</marc:subfield>
			<marc:subfield code="e">1</marc:subfield>
		</marc:datafield>
		<marc:datafield tag="841" ind1=" " ind2=" ">
			<marc:subfield code="5">Mo</marc:subfield>
			<marc:subfield code="a">x  a</marc:subfield>
			<marc:subfield code="b">100202||0000|||||001||||||000000</marc:subfield>
			<marc:subfield code="e">1</marc:subfield>
		</marc:datafield>
	</marc:record>