
	<marc:record>
		<marc:leader>01019nam a22002770  450 </marc:leader>
		<marc:controlfield tag="001">50600130</marc:controlfield>
		<marc:controlfield tag="005">20181022135622.0</marc:controlfield>
		<marc:controlfield tag="007">cr||||</marc:controlfield>
		<marc:controlfield tag="008">000000s2013    dk            00| f dan d</marc:controlfield>
		<marc:datafield tag="084" ind1=" " ind2=" ">
			<marc:subfield code="a">86:06</marc:subfield>
			<marc:subfield code="2">z</marc:subfield>
		</marc:datafield>
		<marc:datafield tag="100" ind1="1" ind2=" ">
			<marc:subfield code="a">Melander, Jakob</marc:subfield>
			<marc:subfield code="d">1965-</marc:subfield>
			<marc:subfield code="4">aut</marc:subfield>
			<marc:subfield code="0">http://viaf.org/viaf/305856239</marc:subfield>
		</marc:datafield>
		<marc:datafield tag="240" ind1="1" ind2="0">
			<marc:subfield code="a">Øjesten.</marc:subfield>
			<marc:subfield code="l">dan</marc:subfield>
			<marc:subfield code="0">http://viaf.org/viaf/4126152200746314400006</marc:subfield>
		</marc:datafield>
		<marc:datafield tag="245" ind1="1" ind2="0">
			<marc:subfield code="a">Øjesten.</marc:subfield>
		</marc:datafield>
		<marc:datafield tag="250" ind1=" " ind2=" ">
			<marc:subfield code="a">1. eBog udgave.</marc:subfield>
		</marc:datafield>
		<marc:datafield tag="260" ind1=" " ind2=" ">
			<marc:subfield code="b">Rosinante :</marc:subfield>
			<marc:subfield code="b">[sælges på internettet],</marc:subfield>
			<marc:subfield code="c">[2013].</marc:subfield>
		</marc:datafield>
		<marc:datafield tag="336" ind1=" " ind2=" ">
			<marc:subfield code="a">text</marc:subfield>
			<marc:subfield code="b">txt</marc:subfield>
			<marc:subfield code="2">rdacontent</marc:subfield>
			<marc:subfield code="0">http://rdaregistry.info/termList/RDAContentType/1020</marc:subfield>
		</marc:datafield>
		<marc:datafield tag="337" ind1=" " ind2=" ">
			<marc:subfield code="a">computer</marc:subfield>
			<marc:subfield code="b">c</marc:subfield>
			<marc:subfield code="2">rdamedia</marc:subfield>
			<marc:subfield code="0">http://rdaregistry.info/termList/RDAMediaType/1003</marc:subfield>
		</marc:datafield>
		<marc:datafield tag="338" ind1=" " ind2=" ">
			<marc:subfield code="a">online resource</marc:subfield>
			<marc:subfield code="b">cr</marc:subfield>
			<marc:subfield code="2">rdacarrier</marc:subfield>
			<marc:subfield code="0">http://rdaregistry.info/termList/RDACarrierType/1018</marc:subfield>
		</marc:datafield>
		<marc:datafield tag="500" ind1=" " ind2=" ">
			<marc:subfield code="a">Downloades i EPUB-format.</marc:subfield>
		</marc:datafield>
		<marc:datafield tag="500" ind1=" " ind2=" ">
			<marc:subfield code="a">Krimiserien med: Lars Winkler ; 1.</marc:subfield>
		</marc:datafield>
		<marc:datafield tag="534" ind1=" " ind2=" ">
			<marc:subfield code="a">Originaludgave: 2013.</marc:subfield>
		</marc:datafield>
		<marc:datafield ind1="1" ind2="0" tag="600">
			<marc:subfield code="a">Winkler, Lars</marc:subfield>
			<marc:subfield code="c">(Fiktiv person)</marc:subfield>
			<marc:subfield code="v">Fiksjon.</marc:subfield>
		</marc:datafield>
		<marc:datafield tag="650" ind1=" " ind2="4">
			<marc:subfield code="a">Voldtekt</marc:subfield>
		</marc:datafield>
		<marc:datafield tag="650" ind1=" " ind2="4">
			<marc:subfield code="a">Seriemordere</marc:subfield>
		</marc:datafield>
		<marc:datafield tag="650" ind1=" " ind2="4">
			<marc:subfield code="a">Danmark</marc:subfield>
		</marc:datafield>
		<marc:datafield tag="650" ind1=" " ind2="4">
			<marc:subfield code="a">København</marc:subfield>
		</marc:datafield>
		<marc:datafield tag="655" ind1=" " ind2="4">
			<marc:subfield code="a">Kriminalroman.</marc:subfield>
		</marc:datafield>
	</marc:record>