-->
	<!--<marc:record>
		<marc:leader>00766nam a22002050  450 </marc:leader>
		<marc:controlfield tag="001">009128932</marc:controlfield>
		<marc:controlfield tag="008">000000s2014    xxc           00| u eng d</marc:controlfield>
		<marc:datafield tag="015" ind1=" " ind2=" ">
			<marc:subfield code="a">2013907029X</marc:subfield>
		</marc:datafield>
		<marc:datafield tag="020" ind1=" " ind2=" ">
			<marc:subfield code="a">177089439X</marc:subfield>
		</marc:datafield>
		<marc:datafield tag="041" ind1="1" ind2=" ">
			<marc:subfield code="a">eng</marc:subfield>
			<marc:subfield code="h">dan</marc:subfield>
		</marc:datafield>
		<marc:datafield tag="082" ind1=" " ind2="4">
			<marc:subfield code="a">[Fic]</marc:subfield>
		</marc:datafield>
		<marc:datafield tag="100" ind1="1" ind2=" ">
			<marc:subfield code="a">Melander, Jakob</marc:subfield>
			<marc:subfield code="d">1965-</marc:subfield>
			<marc:subfield code="4">aut</marc:subfield>
			<marc:subfield code="0">http://viaf.org/viaf/305856239</marc:subfield>
		</marc:datafield>
		<marc:datafield tag="240" ind1="0" ind2=" ">
			<marc:subfield code="a">Øjesten.</marc:subfield>
			<marc:subfield code="l">dan</marc:subfield>
			<marc:subfield code="0">http://viaf.org/viaf/4126152200746314400006</marc:subfield>
		</marc:datafield>
		<marc:datafield tag="245" ind1="1" ind2="4">
			<marc:subfield code="a">The house that Jack built.</marc:subfield>
		</marc:datafield>
		<marc:datafield tag="260" ind1=" " ind2=" ">
			<marc:subfield code="a">Toronto :</marc:subfield>
			<marc:subfield code="b">Anansi,</marc:subfield>
			<marc:subfield code="c">2014.</marc:subfield>
		</marc:datafield>
		<marc:datafield tag="300" ind1=" " ind2=" ">
			<marc:subfield code="a">367 pages.</marc:subfield>
		</marc:datafield>
		<marc:datafield tag="336" ind1=" " ind2=" ">
			<marc:subfield code="a">text</marc:subfield>
			<marc:subfield code="b">txt</marc:subfield>
			<marc:subfield code="2">rdacontent</marc:subfield>
			<marc:subfield code="0">http://rdaregistry.info/termList/RDAContentType/1020</marc:subfield>
		</marc:datafield>
		<marc:datafield tag="337" ind1=" " ind2=" ">
			<marc:subfield code="a">unmediated</marc:subfield>
			<marc:subfield code="b">n</marc:subfield>
			<marc:subfield code="2">rdamedia</marc:subfield>
			<marc:subfield code="0">http://rdaregistry.info/termList/RDAMediaType/1007</marc:subfield>
		</marc:datafield>
		<marc:datafield tag="338" ind1=" " ind2=" ">
			<marc:subfield code="a">volume</marc:subfield>
			<marc:subfield code="b">nc</marc:subfield>
			<marc:subfield code="2">rdacarrier</marc:subfield>
			<marc:subfield code="0">http://rdaregistry.info/termList/RDACarrierType/1049</marc:subfield>
		</marc:datafield>
		<marc:datafield tag="600" ind1=" " ind2="0">
			<marc:subfield code="a">Winkler, Lars</marc:subfield>
			<marc:subfield code="c">(Fiktiv person)</marc:subfield>
			<marc:subfield code="v">Fiksjon.</marc:subfield>
		</marc:datafield>
		<marc:datafield tag="650" ind1=" " ind2="0">
			<marc:subfield code="a">Mord</marc:subfield>
			<marc:subfield code="x">fiction.</marc:subfield>
		</marc:datafield>
		<marc:datafield tag="655" ind1=" " ind2=" ">
			<marc:subfield code="a">Mysteriefortellinger.</marc:subfield>
		</marc:datafield>
		<marc:datafield tag="700" ind1="1" ind2=" ">
			<marc:subfield code="a">Garrett, Paul Russell</marc:subfield>
			<marc:subfield code="4">trl</marc:subfield>
			<marc:subfield code="0">http://viaf.org/viaf/307427230</marc:subfield>
		</marc:datafield>
		<marc:datafield tag="700" ind1="1" ind2=" ">
			<marc:subfield code="a">Melander, Jakob</marc:subfield>
			<marc:subfield code="d">1965-</marc:subfield>
			<marc:subfield code="i">is translation of</marc:subfield>
			<marc:subfield code="t">Øjesten.</marc:subfield>
			<marc:subfield code="0">http://viaf.org/viaf/4126152200746314400006</marc:subfield>
			<marc:subfield code="4">http://rdaregistry.info/Elements/e/P20141</marc:subfield>
		</marc:datafield>
		<marc:datafield tag="700" ind1="1" ind2=" ">
		   	<marc:subfield code="a">Melander, Jakob</marc:subfield>
		   	<marc:subfield code="d">1965-</marc:subfield>
		   	<marc:subfield code="i">has sequel work</marc:subfield>
		   	<marc:subfield code="t">Serafine.</marc:subfield>
		   	<marc:subfield code="0">http://viaf.org/viaf/4566154923747163780009</marc:subfield>
		   	<marc:subfield code="4">http://rdaregistry.info/Elements/w/P10020</marc:subfield>
		</marc:datafield>
	</marc:record>