
	<marc:record>
		<marc:leader>01062nim a22002650  450 </marc:leader>
		<marc:controlfield tag="001">24699226</marc:controlfield>
		<marc:controlfield tag="005">20151107091137.0</marc:controlfield>
		<marc:controlfield tag="007">s|||||||||||||</marc:controlfield>
		<marc:controlfield tag="008">000000s2004    dk                | dan d</marc:controlfield>
		<marc:datafield tag="020" ind1=" " ind2=" ">
			<marc:subfield code="c">kr. 2813,00</marc:subfield>
		</marc:datafield>
		<marc:datafield tag="041" ind1="1" ind2=" ">
			<marc:subfield code="a">dan</marc:subfield>
			<marc:subfield code="h">swe</marc:subfield>
		</marc:datafield>
		<marc:datafield tag="084" ind1=" " ind2=" ">
			<marc:subfield code="a">87:26</marc:subfield>
			<marc:subfield code="2">z</marc:subfield>
		</marc:datafield>
		<marc:datafield tag="100" ind1="1" ind2=" ">
			<marc:subfield code="a">Marklund, Liza</marc:subfield>
			<marc:subfield code="d">1962-</marc:subfield>
			<marc:subfield code="4">aut</marc:subfield>
			<marc:subfield code="0">http://viaf.org/viaf/10014828</marc:subfield>
		</marc:datafield>
		<marc:datafield tag="240" ind1="1" ind2="4">
			<marc:subfield code="a">Den röda vargen.</marc:subfield>
			<marc:subfield code="l">swe</marc:subfield>
			<marc:subfield code="0">http://viaf.org/viaf/114152502831210800008</marc:subfield>
		</marc:datafield>
		<marc:datafield tag="245" ind1="1" ind2="0">
			<marc:subfield code="a">Røde Ulv.</marc:subfield>
		</marc:datafield>
		<marc:datafield tag="260" ind1=" " ind2=" ">
			<marc:subfield code="a">Ballerup :</marc:subfield>
			<marc:subfield code="b">DBC medier,</marc:subfield>
			<marc:subfield code="c">2004.</marc:subfield>
		</marc:datafield>
		<marc:datafield tag="300" ind1=" " ind2=" ">
			<marc:subfield code="a">11 cd'er i 1 mappe :</marc:subfield>
			<marc:subfield code="b">l12 t., 50 min.</marc:subfield>
		</marc:datafield>
		<marc:datafield tag="336" ind1=" " ind2=" ">
			<marc:subfield code="a">spoken word</marc:subfield>
			<marc:subfield code="b">spw</marc:subfield>
			<marc:subfield code="2">rdacontent</marc:subfield>
			<marc:subfield code="0">http://rdaregistry.info/termList/RDAContentType/1013</marc:subfield>
		</marc:datafield>
		<marc:datafield tag="337" ind1=" " ind2=" ">
			<marc:subfield code="a">audio</marc:subfield>
			<marc:subfield code="b">s</marc:subfield>
			<marc:subfield code="2">rdamedia</marc:subfield>
			<marc:subfield code="0">http://rdaregistry.info/termList/RDAMediaType/1001</marc:subfield>
		</marc:datafield>
		<marc:datafield tag="338" ind1=" " ind2=" ">
			<marc:subfield code="a">audio disc</marc:subfield>
			<marc:subfield code="b">sd</marc:subfield>
			<marc:subfield code="2">rdacarrier</marc:subfield>
			<marc:subfield code="0">http://rdaregistry.info/termList/RDACarrierType/1004</marc:subfield>
		</marc:datafield>
		<marc:datafield tag="500" ind1=" " ind2=" ">
			<marc:subfield code="a">Krimiserien med: Annika Bengtzon ; 5.</marc:subfield>
		</marc:datafield>
		<marc:datafield tag="534" ind1=" " ind2=" ">
			<marc:subfield code="a">Gengivelse af bogen.</marc:subfield>
		</marc:datafield>
		<marc:datafield tag="534" ind1=" " ind2=" ">
			<marc:subfield code="a">Indlæst efter udgaven: Kbh. : Fremad, 2003.</marc:subfield>
		</marc:datafield>
		<marc:datafield tag="600" ind1="1" ind2="0">
			<marc:subfield code="a">Bengtzon, Annika</marc:subfield>
			<marc:subfield code="c">(Fiktiv person)</marc:subfield>
			<marc:subfield code="v">Fiksjon.</marc:subfield>
			<marc:subfield code="0">http://viaf.org/viaf/54150030590810961191</marc:subfield>
		</marc:datafield>
		<marc:datafield tag="650" ind1=" " ind2="4">
			<marc:subfield code="a">Kvinner</marc:subfield>
		</marc:datafield>
		<marc:datafield tag="650" ind1=" " ind2="4">
			<marc:subfield code="a">Sverige</marc:subfield>
		</marc:datafield>
		<marc:datafield tag="655" ind1=" " ind2="4">
			<marc:subfield code="a">Kriminalroman.</marc:subfield>
		</marc:datafield>
		<marc:datafield tag="700" ind1="1" ind2=" ">
			<marc:subfield code="a">Bang, Ellen Dahl.</marc:subfield>
			<marc:subfield code="4">nrt</marc:subfield>
			<marc:subfield code="0">http://viaf.org/viaf/307218933</marc:subfield>
		</marc:datafield>
		<marc:datafield tag="700" ind1="1" ind2=" ">
			<marc:subfield code="a">Nielsen, Ina</marc:subfield>
			<marc:subfield code="4">trl</marc:subfield>
			<marc:subfield code="0">http://viaf.org/viaf/43148996036459752663</marc:subfield>
		</marc:datafield>
		<marc:datafield tag="700" ind1="1" ind2=" ">
			<marc:subfield code="a">Marklund, Liza</marc:subfield>
			<marc:subfield code="d">1962-</marc:subfield>
			<marc:subfield code="i">is adaptation of work</marc:subfield>
			<marc:subfield code="t">Den röda vargen.</marc:subfield>
			<marc:subfield code="0">http://viaf.org/viaf/114152502831210800008</marc:subfield>
			<marc:subfield code="4">http://rdaregistry.info/Elements/w/P10142</marc:subfield>
		</marc:datafield>
		<marc:datafield tag="700" ind1="1" ind2=" ">
			<marc:subfield code="a">Marklund, Liza</marc:subfield>
			<marc:subfield code="d">1962-</marc:subfield>
			<marc:subfield code="i">is sequel to</marc:subfield>
			<marc:subfield code="t">Prime time.</marc:subfield>
			<marc:subfield code="0">http://viaf.org/viaf/6347148574320524430007</marc:subfield>
			<marc:subfield code="4">http://rdaregistry.info/Elements/w/P10227</marc:subfield>
		</marc:datafield>
	</marc:record>