
	<marc:record>
		<marc:leader>00313nam a22001334  450 </marc:leader>
		<marc:controlfield tag="001">51779010</marc:controlfield>
		<marc:controlfield tag="005">20150625151541.0</marc:controlfield>
		<marc:controlfield tag="008">000000s2015    sw            00| f swe d</marc:controlfield>
		<marc:datafield tag="084" ind1=" " ind2=" ">
			<marc:subfield code="a">87</marc:subfield>
			<marc:subfield code="2">z</marc:subfield>
		</marc:datafield>
		<marc:datafield tag="100" ind1="1" ind2=" ">
			<marc:subfield code="a">Marklund, Liza</marc:subfield>
			<marc:subfield code="d">1962-</marc:subfield>
			<marc:subfield code="4">aut</marc:subfield>
			<marc:subfield code="0">http://viaf.org/viaf/10014828</marc:subfield>
		</marc:datafield>
		<marc:datafield tag="240" ind1="1" ind2=" ">
			<marc:subfield code="a">Järnblod.</marc:subfield>
			<marc:subfield code="l">swe</marc:subfield>
			<marc:subfield code="0">http://viaf.org/viaf/8031151656294208400009</marc:subfield>
		</marc:datafield>
		<marc:datafield tag="245" ind1="1" ind2="0">
			<marc:subfield code="a">Järnblod.</marc:subfield>
		</marc:datafield>
		<marc:datafield tag="260" ind1=" " ind2=" ">
			<marc:subfield code="a">[Stockholm] :</marc:subfield>
			<marc:subfield code="b">Piratforlaget,</marc:subfield>
			<marc:subfield code="c">2015.</marc:subfield>
		</marc:datafield>
		<marc:datafield tag="300" ind1=" " ind2=" ">
			<marc:subfield code="a">394 sider.</marc:subfield>
		</marc:datafield>
		<marc:datafield tag="336" ind1=" " ind2=" ">
			<marc:subfield code="a">text</marc:subfield>
			<marc:subfield code="b">txt</marc:subfield>
			<marc:subfield code="2">rdacontent</marc:subfield>
			<marc:subfield code="0">http://rdaregistry.info/termList/RDAContentType/1020</marc:subfield>
		</marc:datafield>
		<marc:datafield tag="337" ind1=" " ind2=" ">
			<marc:subfield code="a">unmediated</marc:subfield>
			<marc:subfield code="b">n</marc:subfield>
			<marc:subfield code="2">rdamedia</marc:subfield>
			<marc:subfield code="0">http://rdaregistry.info/termList/RDAMediaType/1007</marc:subfield>
		</marc:datafield>
		<marc:datafield tag="338" ind1=" " ind2=" ">
			<marc:subfield code="a">volume</marc:subfield>
			<marc:subfield code="b">nc</marc:subfield>
			<marc:subfield code="2">rdacarrier</marc:subfield>
			<marc:subfield code="0">http://rdaregistry.info/termList/RDACarrierType/1049</marc:subfield>
		</marc:datafield>
		<marc:datafield tag="600" ind1="1" ind2="0">
			<marc:subfield code="a">Bengtzon, Annika</marc:subfield>
			<marc:subfield code="c">(Fiktiv person)</marc:subfield>
			<marc:subfield code="v">Fiksjon.</marc:subfield>
			<marc:subfield code="0">http://viaf.org/viaf/54150030590810961191</marc:subfield>
		</marc:datafield>
		<marc:datafield tag="655" ind1=" " ind2="4">
			<marc:subfield code="a">Kriminalroman.</marc:subfield>
		</marc:datafield>
		<marc:datafield tag="700" ind1="1" ind2=" ">
			<marc:subfield code="a">Marklund, Liza</marc:subfield>
			<marc:subfield code="d">1962-</marc:subfield>
			<marc:subfield code="i">is sequel to</marc:subfield>
			<marc:subfield code="t">Lyckliga gatan.</marc:subfield>
			<marc:subfield code="0">http://viaf.org/viaf/308689922</marc:subfield>
			<marc:subfield code="4">http://rdaregistry.info/Elements/w/P10227</marc:subfield>
		</marc:datafield>
	</marc:record>