
	<marc:record>
		<marc:leader>01364cam a2200397 c 4500</marc:leader>
		<marc:controlfield tag="001">990301588934702201</marc:controlfield>
		<marc:controlfield tag="005">20160622153248.0</marc:controlfield>
		<marc:controlfield tag="007">ta</marc:controlfield>
		<marc:controlfield tag="007">cr||||||||||||</marc:controlfield>
		<marc:controlfield tag="008">090625s2003 no#||||| |||||000|1|nob|</marc:controlfield>
		<marc:datafield tag="015" ind1=" " ind2=" ">
			<marc:subfield code="a">0306126</marc:subfield>
			<marc:subfield code="2">nbf</marc:subfield>
		</marc:datafield>
		<marc:datafield tag="020" ind1=" " ind2=" ">
			<marc:subfield code="a">8203207391</marc:subfield>
			<marc:subfield code="q">ib.</marc:subfield>
			<marc:subfield code="c">Nkr 149.00</marc:subfield>
		</marc:datafield>
		<marc:datafield tag="035" ind1=" " ind2=" ">
			<marc:subfield code="a">030158893-47bibsys_network</marc:subfield>
		</marc:datafield>
		<marc:datafield tag="035" ind1=" " ind2=" ">
			<marc:subfield code="a">(NO-TrBIB)030158893</marc:subfield>
		</marc:datafield>
		<marc:datafield tag="035" ind1=" " ind2=" ">
			<marc:subfield code="a">(NO-TrBIB)092713297</marc:subfield>
		</marc:datafield>
		<marc:datafield tag="040" ind1=" " ind2=" ">
			<marc:subfield code="a">NO-OsNB</marc:subfield>
			<marc:subfield code="b">nob</marc:subfield>
			<marc:subfield code="e">katreg</marc:subfield>
		</marc:datafield>
		<marc:datafield tag="041" ind1="1" ind2=" ">
			<marc:subfield code="h">swe</marc:subfield>
		</marc:datafield>
		<marc:datafield tag="042" ind1=" " ind2=" ">
			<marc:subfield code="a">norbibl</marc:subfield>
		</marc:datafield>
		<marc:datafield tag="044" ind1=" " ind2=" ">
			<marc:subfield code="c">no</marc:subfield>
		</marc:datafield>
		<marc:datafield tag="082" ind1="7" ind2="4">
			<marc:subfield code="a">839.73</marc:subfield>
			<marc:subfield code="q">NO-OsNB</marc:subfield>
			<marc:subfield code="2">5/nor</marc:subfield>
		</marc:datafield>
		<marc:datafield tag="100" ind1="1" ind2=" ">
			<marc:subfield code="a">Marklund, Liza</marc:subfield>
			<marc:subfield code="d">1962-</marc:subfield>
			<marc:subfield code="4">aut</marc:subfield>
			<marc:subfield code="0">http://viaf.org/viaf/10014828</marc:subfield>
		</marc:datafield>
		<marc:datafield tag="240" ind1="1" ind2=" ">
			<marc:subfield code="a">Paradiset.</marc:subfield>
			<marc:subfield code="l">swe</marc:subfield>
			<marc:subfield code="0">http://viaf.org/viaf/1410145424651786830444</marc:subfield>
		</marc:datafield>
		<marc:datafield tag="245" ind1="1" ind2="0">
			<marc:subfield code="a">Paradiset.</marc:subfield>
		</marc:datafield>
		<marc:datafield tag="260" ind1=" " ind2=" ">
			<marc:subfield code="a">Oslo</marc:subfield>
			<marc:subfield code="b">Aschehoug</marc:subfield>
			<marc:subfield code="c">2003</marc:subfield>
		</marc:datafield>
		<marc:datafield tag="300" ind1=" " ind2=" ">
			<marc:subfield code="a">348 s.</marc:subfield>
		</marc:datafield>
		<marc:datafield tag="336" ind1=" " ind2=" ">
			<marc:subfield code="a">text</marc:subfield>
			<marc:subfield code="b">txt</marc:subfield>
			<marc:subfield code="2">rdacontent</marc:subfield>
			<marc:subfield code="0">http://rdaregistry.info/termList/RDAContentType/1020</marc:subfield>
		</marc:datafield>
		<marc:datafield tag="337" ind1=" " ind2=" ">
			<marc:subfield code="a">unmediated</marc:subfield>
			<marc:subfield code="b">n</marc:subfield>
			<marc:subfield code="2">rdamedia</marc:subfield>
			<marc:subfield code="0">http://rdaregistry.info/termList/RDAMediaType/1007</marc:subfield>
		</marc:datafield>
		<marc:datafield tag="338" ind1=" " ind2=" ">
			<marc:subfield code="a">volume</marc:subfield>
			<marc:subfield code="b">nc</marc:subfield>
			<marc:subfield code="2">rdacarrier</marc:subfield>
			<marc:subfield code="0">http://rdaregistry.info/termList/RDACarrierType/1049</marc:subfield>
		</marc:datafield>
		<marc:datafield tag="490" ind1="1" ind2=" ">
			<marc:subfield code="a">En Maxi-bok fra Aschehoug</marc:subfield>
		</marc:datafield>
		<marc:datafield tag="500" ind1=" " ind2=" ">
			<marc:subfield code="a">1. norske utg. 2002</marc:subfield>
		</marc:datafield>
		<marc:datafield tag="500" ind1=" " ind2=" ">
			<marc:subfield code="a">Opplagshistorikk: 2. oppl. 2004</marc:subfield>
		</marc:datafield>
		<marc:datafield tag="600" ind1="1" ind2="0">
			<marc:subfield code="a">Bengtzon, Annika</marc:subfield>
			<marc:subfield code="c">(Fiktiv person)</marc:subfield>
			<marc:subfield code="v">Fiksjon.</marc:subfield>
			<marc:subfield code="0">http://viaf.org/viaf/54150030590810961191</marc:subfield>
		</marc:datafield>
		<marc:datafield tag="655" ind1=" " ind2="0">
			<marc:subfield code="a">Kriminalroman.</marc:subfield>
		</marc:datafield>
		<marc:datafield tag="655" ind1=" " ind2="0">
			<marc:subfield code="a">Skjønnlitteratur.</marc:subfield>
		</marc:datafield>
		<marc:datafield tag="700" ind1="1" ind2=" ">
			<marc:subfield code="a">Bolstad, Kari</marc:subfield>
			<marc:subfield code="d">1950-</marc:subfield>
			<marc:subfield code="4">trl</marc:subfield>
			<marc:subfield code="0"> http://viaf.org/viaf/67136483</marc:subfield>
		</marc:datafield>
		<marc:datafield tag="700" ind1="1" ind2=" ">
			<marc:subfield code="a">Marklund, Liza</marc:subfield>
			<marc:subfield code="d">1962-</marc:subfield>
			<marc:subfield code="i">is translation of</marc:subfield>
			<marc:subfield code="t">Paradiset.</marc:subfield>
			<marc:subfield code="0">http://viaf.org/viaf/1410145424651786830444</marc:subfield>
			<marc:subfield code="4">http://rdaregistry.info/Elements/e/P20141</marc:subfield>
		</marc:datafield>
		<marc:datafield tag="700" ind1="1" ind2=" ">
			<marc:subfield code="a">Marklund, Liza</marc:subfield>
			<marc:subfield code="d">1962-</marc:subfield>
			<marc:subfield code="i">is sequel to</marc:subfield>
			<marc:subfield code="t">Studio sex.</marc:subfield>
			<marc:subfield code="0">http://viaf.org/viaf/6943148574281724430007</marc:subfield>
			<marc:subfield code="4">http://rdaregistry.info/Elements/w/P10227</marc:subfield>
		</marc:datafield>
		<marc:datafield tag="700" ind1="1" ind2=" ">
			<marc:subfield code="a">Marklund, Liza</marc:subfield>
			<marc:subfield code="d">1962-</marc:subfield>
			<marc:subfield code="i">has sequel work</marc:subfield>
			<marc:subfield code="t">Prime time.</marc:subfield>
			<marc:subfield code="0">http://viaf.org/viaf/6347148574320524430007</marc:subfield>
			<marc:subfield code="4">http://rdaregistry.info/Elements/w/P10020</marc:subfield>
		</marc:datafield>
		<marc:datafield tag="830" ind1=" " ind2="3">
			<marc:subfield code="a">En Maxi-bok fra Aschehoug</marc:subfield>
		</marc:datafield>
	</marc:record>