-->
	<marc:record>
		<marc:leader>01209cim a2200301 c 4500</marc:leader>
		<marc:controlfield tag="001">990511712524702201</marc:controlfield>
		<marc:controlfield tag="005">20150603144049.0</marc:controlfield>
		<marc:controlfield tag="007">sd f||||||||||</marc:controlfield>
		<marc:controlfield tag="008">150603s2005 xx#|||| ||||||||||||und|</marc:controlfield>
		<marc:datafield tag="020" ind1=" " ind2=" ">
			<marc:subfield code="a">8242117144</marc:subfield>
		</marc:datafield>
		<marc:datafield tag="035" ind1=" " ind2=" ">
			<marc:subfield code="a">051171252-47bibsys_network</marc:subfield>
		</marc:datafield>
		<marc:datafield tag="035" ind1=" " ind2=" ">
			<marc:subfield code="a">(NO-TrBIB)051171252</marc:subfield>
		</marc:datafield>
		<marc:datafield tag="040" ind1=" " ind2=" ">
			<marc:subfield code="a">NO-OsNB</marc:subfield>
			<marc:subfield code="b">nob</marc:subfield>
			<marc:subfield code="e">katreg</marc:subfield>
		</marc:datafield>
		<marc:datafield tag="100" ind1="1" ind2=" ">
			<marc:subfield code="a">Nesbø, Jo</marc:subfield>
			<marc:subfield code="d">1960-</marc:subfield>
			<marc:subfield code="4">aut</marc:subfield>
			<marc:subfield code="0">http://viaf.org/viaf/44460209</marc:subfield>
		</marc:datafield>
		<marc:datafield tag="240" ind1="1" ind2=" ">
			<marc:subfield code="a">Flaggermusmannen.</marc:subfield>
			<marc:subfield code="l">nor</marc:subfield>
			<marc:subfield code="0">http://viaf.org/viaf/2536149068402365730009</marc:subfield>
		</marc:datafield>
		<marc:datafield tag="245" ind1="1" ind2="0">
			<marc:subfield code="a">Flaggermusmannen.</marc:subfield>
		</marc:datafield>
		<marc:datafield tag="260" ind1=" " ind2=" ">
			<marc:subfield code="b">Lydbokforlaget</marc:subfield>
			<marc:subfield code="c">2005</marc:subfield>
		</marc:datafield>
		<marc:datafield tag="300" ind1=" " ind2=" ">
			<marc:subfield code="a">10 plater (CD) (12 t, 14 min)</marc:subfield>
		</marc:datafield>
		<marc:datafield tag="336" ind1=" " ind2=" ">
			<marc:subfield code="a">spoken word</marc:subfield>
			<marc:subfield code="b">spw</marc:subfield>
			<marc:subfield code="2">rdacontent</marc:subfield>
			<marc:subfield code="0">http://rdaregistry.info/termList/RDAContentType/1013</marc:subfield>
		</marc:datafield>
		<marc:datafield tag="337" ind1=" " ind2=" ">
			<marc:subfield code="a">audio</marc:subfield>
			<marc:subfield code="b">s</marc:subfield>
			<marc:subfield code="2">rdamedia</marc:subfield>
			<marc:subfield code="0">http://rdaregistry.info/termList/RDAMediaType/1001</marc:subfield>
		</marc:datafield>
		<marc:datafield tag="338" ind1=" " ind2=" ">
			<marc:subfield code="a">audio disc</marc:subfield>
			<marc:subfield code="b">sd</marc:subfield>
			<marc:subfield code="2">rdacarrier</marc:subfield>
			<marc:subfield code="0">http://rdaregistry.info/termList/RDACarrierType/1004</marc:subfield>
		</marc:datafield>
		<marc:datafield tag="500" ind1=" " ind2=" ">
			<marc:subfield code="a">Lest av Lasse Kolsrud</marc:subfield>
		</marc:datafield>
		<marc:datafield tag="600" ind1=" " ind2="0">
			<marc:subfield code="a">Hole, Harry</marc:subfield>
			<marc:subfield code="c">(Fiktiv person)</marc:subfield>
			<marc:subfield code="v">Fiksjon.</marc:subfield>
			<marc:subfield code="0">http://viaf.org/viaf/31151715598213781507</marc:subfield>
		</marc:datafield>
		<marc:datafield tag="655" ind1=" " ind2="0">
			<marc:subfield code="a">Kriminalroman.</marc:subfield>
		</marc:datafield>
		<marc:datafield tag="700" ind1="1" ind2=" ">
			<marc:subfield code="a">Kolsrud, Lasse,</marc:subfield>
			<marc:subfield code="d">1959-</marc:subfield>
			<marc:subfield code="4">nrt</marc:subfield>
			<marc:subfield code="0">http://viaf.org/viaf/78381603</marc:subfield>
		</marc:datafield>
		<marc:datafield tag="700" ind1="1" ind2=" ">
			<marc:subfield code="a">Nesbø, Jo</marc:subfield>
			<marc:subfield code="d">1960-</marc:subfield>
			<marc:subfield code="i">is adaptation of work</marc:subfield>
			<marc:subfield code="t">Flaggermusmannen.</marc:subfield>
			<marc:subfield code="0">http://viaf.org/viaf/2536149068402365730009</marc:subfield>
			<marc:subfield code="4">http://rdaregistry.info/Elements/w/P10142</marc:subfield>
		</marc:datafield>
		<marc:datafield tag="700" ind1="1" ind2=" ">
			<marc:subfield code="a">Nesbø, Jo</marc:subfield>
			<marc:subfield code="d">1960-</marc:subfield>
			<marc:subfield code="i">has sequel work</marc:subfield>
			<marc:subfield code="t">Kakerlakkene.</marc:subfield>
			<marc:subfield code="0">http://viaf.org/viaf/9466149068473065730001</marc:subfield>
			<marc:subfield code="4">http://rdaregistry.info/Elements/w/P10020</marc:subfield>
		</marc:datafield>
	</marc:record>