
	<marc:record>
		<marc:leader>01490cim a2200409 c 4500</marc:leader>
		<marc:controlfield tag="001">991028064114702201</marc:controlfield>
		<marc:controlfield tag="005">20160811094445.0</marc:controlfield>
		<marc:controlfield tag="007">sd f||||||||||</marc:controlfield>
		<marc:controlfield tag="008">140325s2011 no#|||| |||||||f#|||nob|</marc:controlfield>
		<marc:datafield tag="015" ind1=" " ind2=" ">
			<marc:subfield code="a">1127928</marc:subfield>
			<marc:subfield code="2">nbf</marc:subfield>
		</marc:datafield>
		<marc:datafield tag="020" ind1=" " ind2=" ">
			<marc:subfield code="a">9788242151025</marc:subfield>
			<marc:subfield code="c">Nkr 429.00</marc:subfield>
		</marc:datafield>
		<marc:datafield tag="035" ind1=" " ind2=" ">
			<marc:subfield code="a">102806411-47bibsys_network</marc:subfield>
		</marc:datafield>
		<marc:datafield tag="035" ind1=" " ind2=" ">
			<marc:subfield code="a">(NO-TrBIB)102806411</marc:subfield>
		</marc:datafield>
		<marc:datafield tag="035" ind1=" " ind2=" ">
			<marc:subfield code="a">(NO-OsBA)0265655</marc:subfield>
		</marc:datafield>
		<marc:datafield tag="040" ind1=" " ind2=" ">
			<marc:subfield code="a">NO-OsNB</marc:subfield>
			<marc:subfield code="b">nob</marc:subfield>
			<marc:subfield code="e">katreg</marc:subfield>
		</marc:datafield>
		<marc:datafield tag="042" ind1=" " ind2=" ">
			<marc:subfield code="a">norbibl</marc:subfield>
		</marc:datafield>
		<marc:datafield tag="044" ind1=" " ind2=" ">
			<marc:subfield code="c">no</marc:subfield>
		</marc:datafield>
		<marc:datafield tag="080" ind1=" " ind2=" ">
			<marc:subfield code="a">839.6</marc:subfield>
		</marc:datafield>
		<marc:datafield tag="082" ind1="7" ind2="4">
			<marc:subfield code="a">839.823</marc:subfield>
			<marc:subfield code="q">NO-OsNB</marc:subfield>
			<marc:subfield code="2">5/nor</marc:subfield>
		</marc:datafield>
		<marc:datafield tag="100" ind1="1" ind2=" ">
			<marc:subfield code="a">Nesbø, Jo</marc:subfield>
			<marc:subfield code="d">1960-</marc:subfield>
			<marc:subfield code="4">aut</marc:subfield>
			<marc:subfield code="0">http://viaf.org/viaf/44460209</marc:subfield>
		</marc:datafield>
		<marc:datafield tag="240" ind1="1" ind2=" ">
			<marc:subfield code="a">Gjenferd.</marc:subfield>
			<marc:subfield code="l">nor</marc:subfield>
			<marc:subfield code="0">http://viaf.org/viaf/312459486</marc:subfield>
		</marc:datafield>
		<marc:datafield tag="245" ind1="1" ind2="0">
			<marc:subfield code="a">Gjenferd.</marc:subfield>
		</marc:datafield>
		<marc:datafield tag="260" ind1=" " ind2=" ">
			<marc:subfield code="a">[Melhus]</marc:subfield>
			<marc:subfield code="b">Lydbokforl.</marc:subfield>
			<marc:subfield code="c">2011</marc:subfield>
		</marc:datafield>
		<marc:datafield tag="300" ind1=" " ind2=" ">
			<marc:subfield code="a">12 CD-er (14 t, 43 min)</marc:subfield>
			<marc:subfield code="b">digital</marc:subfield>
			<marc:subfield code="c">12 cm, i eske</marc:subfield>
		</marc:datafield>
		<marc:datafield tag="336" ind1=" " ind2=" ">
			<marc:subfield code="a">spoken word</marc:subfield>
			<marc:subfield code="b">spw</marc:subfield>
			<marc:subfield code="2">rdacontent</marc:subfield>
			<marc:subfield code="0">http://rdaregistry.info/termList/RDAContentType/1013</marc:subfield>
		</marc:datafield>
		<marc:datafield tag="337" ind1=" " ind2=" ">
			<marc:subfield code="a">audio</marc:subfield>
			<marc:subfield code="b">s</marc:subfield>
			<marc:subfield code="2">rdamedia</marc:subfield>
			<marc:subfield code="0">http://rdaregistry.info/termList/RDAMediaType/1001</marc:subfield>
		</marc:datafield>
		<marc:datafield tag="338" ind1=" " ind2=" ">
			<marc:subfield code="a">audio disc</marc:subfield>
			<marc:subfield code="b">sd</marc:subfield>
			<marc:subfield code="2">rdacarrier</marc:subfield>
			<marc:subfield code="0">http://rdaregistry.info/termList/RDACarrierType/1004</marc:subfield>
		</marc:datafield>
		<marc:datafield tag="500" ind1=" " ind2=" ">
			<marc:subfield code="a">Lest av Håvard Bakke</marc:subfield>
		</marc:datafield>
		<marc:datafield tag="600" ind1=" " ind2="0">
			<marc:subfield code="a">Hole, Harry</marc:subfield>
			<marc:subfield code="c">(Fiktiv person)</marc:subfield>
			<marc:subfield code="v">Fiksjon.</marc:subfield>
			<marc:subfield code="0">http://viaf.org/viaf/31151715598213781507</marc:subfield>
		</marc:datafield>
		<marc:datafield tag="655" ind1=" " ind2="4">
			<marc:subfield code="a">Kriminalroman.</marc:subfield>
		</marc:datafield>
		<marc:datafield tag="700" ind1="1" ind2=" ">
			<marc:subfield code="a">Bakke, Håvard,</marc:subfield>
			<marc:subfield code="d">1974-</marc:subfield>
			<marc:subfield code="4">nrt</marc:subfield>
			<marc:subfield code="0">http://viaf.org/viaf/231735910</marc:subfield>
		</marc:datafield>
		<marc:datafield tag="700" ind1="1" ind2=" ">
			<marc:subfield code="a">Nesbø, Jo</marc:subfield>
			<marc:subfield code="d">1960-</marc:subfield>
			<marc:subfield code="i">is adaptation of work</marc:subfield>
			<marc:subfield code="t">Gjenferd.</marc:subfield>
			<marc:subfield code="0">http://viaf.org/viaf/312459486</marc:subfield>
			<marc:subfield code="4">http://rdaregistry.info/Elements/w/P10142</marc:subfield>
		</marc:datafield>
		<marc:datafield tag="700" ind1="1" ind2=" ">
			<marc:subfield code="a">Nesbø, Jo</marc:subfield>
			<marc:subfield code="d">1960-</marc:subfield>
			<marc:subfield code="i">is sequel to</marc:subfield>
			<marc:subfield code="t">Panserhjerte.</marc:subfield>
			<marc:subfield code="0">http://viaf.org/viaf/312442134</marc:subfield>
			<marc:subfield code="4">http://rdaregistry.info/Elements/w/P10227</marc:subfield>
		</marc:datafield>
		<marc:datafield tag="700" ind1="1" ind2=" ">
			<marc:subfield code="a">Nesbø, Jo</marc:subfield>
			<marc:subfield code="d">1960-</marc:subfield>
			<marc:subfield code="i">has sequel work</marc:subfield>
			<marc:subfield code="t">Politi.</marc:subfield>
			<marc:subfield code="0">http://viaf.org/viaf/4488148523904320970008</marc:subfield>
			<marc:subfield code="4">http://rdaregistry.info/Elements/w/P10020</marc:subfield>
		</marc:datafield>
	</marc:record>