
	<marc:record>
		<marc:leader>01247cam a2200337 c 4500</marc:leader>
		<marc:controlfield tag="001">991344143224702201</marc:controlfield>
		<marc:controlfield tag="005">20160622160851.0</marc:controlfield>
		<marc:controlfield tag="007">cr |||||||||||</marc:controlfield>
		<marc:controlfield tag="008">150702s2012 no#|||||o|||||000|f|nob|</marc:controlfield>
		<marc:datafield tag="015" ind1=" " ind2=" ">
			<marc:subfield code="a">1338907</marc:subfield>
			<marc:subfield code="2">nbf</marc:subfield>
		</marc:datafield>
		<marc:datafield tag="020" ind1=" " ind2=" ">
			<marc:subfield code="a">9788205431775</marc:subfield>
			<marc:subfield code="c">Nkr 29.00</marc:subfield>
		</marc:datafield>
		<marc:datafield tag="020" ind1=" " ind2=" ">
			<marc:subfield code="a">9788205401686</marc:subfield>
			<marc:subfield code="c">Nkr 129.00</marc:subfield>
		</marc:datafield>
		<marc:datafield tag="035" ind1=" " ind2=" ">
			<marc:subfield code="a">134414322-47bibsys_network</marc:subfield>
		</marc:datafield>
		<marc:datafield tag="035" ind1=" " ind2=" ">
			<marc:subfield code="a">(NO-TrBIB)134414322</marc:subfield>
		</marc:datafield>
		<marc:datafield tag="040" ind1=" " ind2=" ">
			<marc:subfield code="a">NO-OsNB</marc:subfield>
			<marc:subfield code="b">nob</marc:subfield>
			<marc:subfield code="e">katreg</marc:subfield>
		</marc:datafield>
		<marc:datafield tag="042" ind1=" " ind2=" ">
			<marc:subfield code="a">norbibl</marc:subfield>
		</marc:datafield>
		<marc:datafield tag="044" ind1=" " ind2=" ">
			<marc:subfield code="c">no</marc:subfield>
		</marc:datafield>
		<marc:datafield tag="082" ind1="7" ind2="4">
			<marc:subfield code="a">839.823</marc:subfield>
			<marc:subfield code="q">NO-OsNB</marc:subfield>
			<marc:subfield code="2">5/nor</marc:subfield>
		</marc:datafield>
		<marc:datafield tag="100" ind1="1" ind2=" ">
			<marc:subfield code="a">Staalesen, Gunnar</marc:subfield>
			<marc:subfield code="d">1947-</marc:subfield>
			<marc:subfield code="4">aut</marc:subfield>
			<marc:subfield code="0">http://viaf.org/viaf/115049141</marc:subfield>
		</marc:datafield>
		<marc:datafield tag="240" ind1="1" ind2=" ">
			<marc:subfield code="a">Dødens drabanter.</marc:subfield>
			<marc:subfield code="l">nor</marc:subfield>
			<marc:subfield code="0">http://viaf.org/viaf/312484025</marc:subfield>
		</marc:datafield>
		<marc:datafield tag="245" ind1="1" ind2="0">
			<marc:subfield code="a">Dødens drabanter.</marc:subfield>
		</marc:datafield>
		<marc:datafield tag="260" ind1=" " ind2=" ">
			<marc:subfield code="a">Oslo</marc:subfield>
			<marc:subfield code="b">Gyldendal</marc:subfield>
			<marc:subfield code="c">2012</marc:subfield>
		</marc:datafield>
		<marc:datafield tag="300" ind1=" " ind2=" ">
			<marc:subfield code="a">1 fil</marc:subfield>
			<marc:subfield code="b">EPUB</marc:subfield>
		</marc:datafield>
		<marc:datafield tag="336" ind1=" " ind2=" ">
			<marc:subfield code="a">text</marc:subfield>
			<marc:subfield code="b">txt</marc:subfield>
			<marc:subfield code="2">rdacontent</marc:subfield>
			<marc:subfield code="0">http://rdaregistry.info/termList/RDAContentType/1020</marc:subfield>
		</marc:datafield>
		<marc:datafield tag="337" ind1=" " ind2=" ">
			<marc:subfield code="a">computer</marc:subfield>
			<marc:subfield code="b">c</marc:subfield>
			<marc:subfield code="2">rdamedia</marc:subfield>
			<marc:subfield code="0">http://rdaregistry.info/termList/RDAMediaType/1003</marc:subfield>
		</marc:datafield>
		<marc:datafield tag="338" ind1=" " ind2=" ">
			<marc:subfield code="a">online resource</marc:subfield>
			<marc:subfield code="b">cr</marc:subfield>
			<marc:subfield code="2">rdacarrier</marc:subfield>
			<marc:subfield code="0">http://rdaregistry.info/termList/RDACarrierType/1018</marc:subfield>
		</marc:datafield>
		<marc:datafield tag="490" ind1="1" ind2=" ">
			<marc:subfield code="a">En Varg Veum-bok</marc:subfield>
		</marc:datafield>
		<marc:datafield tag="600" ind1=" " ind2="0">
			<marc:subfield code="a">Veum, Varg</marc:subfield>
			<marc:subfield code="c">(Fiktiv person)</marc:subfield>
			<marc:subfield code="v">Fiksjon.</marc:subfield>
			<marc:subfield code="0">http://viaf.org/viaf/28152986705012672996</marc:subfield>
		</marc:datafield>
		<marc:datafield tag="655" ind1=" " ind2=" ">
			<marc:subfield code="a">Skjønnlitteratur.</marc:subfield>
		</marc:datafield>
		<marc:datafield tag="655" ind1=" " ind2="4">
			<marc:subfield code="a">Kriminalroman.</marc:subfield>
		</marc:datafield>
		<marc:datafield tag="776" ind1="0" ind2=" ">
			<marc:subfield code="t">Dødens drabanter : Kriminalroman</marc:subfield>
			<marc:subfield code="w">990615549364702201</marc:subfield>
		</marc:datafield>
		<marc:datafield tag="700" ind1="1" ind2=" ">
			<marc:subfield code="a">Staalesen, Gunnar</marc:subfield>
			<marc:subfield code="d">1947-</marc:subfield>
			<marc:subfield code="4">aut</marc:subfield>
			<marc:subfield code="0">http://viaf.org/viaf/115049141</marc:subfield>
		</marc:datafield>
		<marc:datafield tag="700" ind1="1" ind2=" ">
			<marc:subfield code="a">Staalesen, Gunnar</marc:subfield>
			<marc:subfield code="d">1947-</marc:subfield>
			<marc:subfield code="i">is sequel to</marc:subfield>
			<marc:subfield code="t">Ansikt til ansikt.</marc:subfield>
			<marc:subfield code="0">http://viaf.org/viaf/8277147484261349360004</marc:subfield>
			<marc:subfield code="4">http://rdaregistry.info/Elements/w/P10227</marc:subfield>
		</marc:datafield>
		<marc:datafield tag="700" ind1="1" ind2=" ">
			<marc:subfield code="a">Staalesen, Gunnar</marc:subfield>
			<marc:subfield code="d">1947-</marc:subfield>
			<marc:subfield code="i">has sequel work</marc:subfield>
			<marc:subfield code="t">Kalde hjerter.</marc:subfield>
			<marc:subfield code="0">http://viaf.org/viaf/5591155105783076320007</marc:subfield>
			<marc:subfield code="4">http://rdaregistry.info/Elements/w/P10020</marc:subfield>
		</marc:datafield>
	</marc:record>