
	<marc:record>
		<marc:leader>01752a22 a5000445       </marc:leader>
		<marc:controlfield tag="001">279885415</marc:controlfield>
		<marc:controlfield tag="003">CHVBK</marc:controlfield>
		<marc:controlfield tag="005">20181117075145.0</marc:controlfield>
		<marc:controlfield tag="008">130818s2000 sz 00 1dger d</marc:controlfield>
		<marc:datafield tag="020" ind1=" " ind2=" " ind3=" " ind4=" " ind5=" ">
			<marc:subfield code="a">3-502-51756-8</marc:subfield>
			<marc:subfield code="q">(brosch.)</marc:subfield>
		</marc:datafield>
		<marc:datafield tag="035" ind1=" " ind2=" " ind3=" " ind4=" " ind5=" ">
			<marc:subfield code="a">(SNL)991005429309703976</marc:subfield>
		</marc:datafield>
		<marc:datafield tag="035" ind1=" " ind2=" " ind3=" " ind4=" " ind5=" ">
			<marc:subfield code="a">(IDSBB)002232852</marc:subfield>
		</marc:datafield>
		<marc:datafield tag="035" ind1=" " ind2=" " ind3=" " ind4=" " ind5=" ">
			<marc:subfield code="a">(Sz)1266716-41snl_51</marc:subfield>
		</marc:datafield>
		<marc:datafield tag="035" ind1=" " ind2=" " ind3=" " ind4=" " ind5=" ">
			<marc:subfield code="a">(Sz)vtls001266716</marc:subfield>
		</marc:datafield>
		<marc:datafield tag="035" ind1=" " ind2=" " ind3=" " ind4=" " ind5=" ">
			<marc:subfield code="a">(Sz)001266716</marc:subfield>
		</marc:datafield>
		<marc:datafield tag="040" ind1=" " ind2=" " ind3=" " ind4=" " ind5=" ">
			<marc:subfield code="a">Sz</marc:subfield>
			<marc:subfield code="c">Sz</marc:subfield>
		</marc:datafield>
		<marc:datafield tag="041" ind1=" " ind2=" " ind3=" " ind4=" " ind5=" ">
			<marc:subfield code="a">ger</marc:subfield>
			<marc:subfield code="h">nor</marc:subfield>
		</marc:datafield>
		<marc:datafield tag="044" ind1=" " ind2=" " ind3=" " ind4=" " ind5=" ">
			<marc:subfield code="a">sz</marc:subfield>
			<marc:subfield code="a">gw</marc:subfield>
			<marc:subfield code="a">au</marc:subfield>
		</marc:datafield>
		<marc:datafield tag="100" ind1=" " ind2=" " ind3=" " ind4=" " ind5=" ">
			<marc:subfield code="a">Staalesen, Gunnar</marc:subfield>
			<marc:subfield code="d">1947-</marc:subfield>
			<marc:subfield code="4">aut</marc:subfield>
			<marc:subfield code="0">http://viaf.org/viaf/115049141</marc:subfield>
		</marc:datafield>
		<marc:datafield tag="240" ind1="1" ind2=" ">
			<marc:subfield code="a">Din, til døden.</marc:subfield>
			<marc:subfield code="l">nor</marc:subfield>
			<marc:subfield code="0">http://viaf.org/viaf/309415902</marc:subfield>
		</marc:datafield>
		<marc:datafield tag="245" ind1=" " ind2=" " ind3=" " ind4=" " ind5=" ">
			<marc:subfield code="a">Dein bis in den Tod.</marc:subfield>
		</marc:datafield>
		<marc:datafield tag="250" ind1=" " ind2=" " ind3=" " ind4=" " ind5=" ">
			<marc:subfield code="a">1. Aufl.</marc:subfield>
		</marc:datafield>
		<marc:datafield tag="260" ind1=" " ind2=" " ind3=" " ind4=" " ind5=" ">
			<marc:subfield code="a">Bern</marc:subfield>
			<marc:subfield code="a">München</marc:subfield>
			<marc:subfield code="a">Wien</marc:subfield>
			<marc:subfield code="b">Scherz</marc:subfield>
			<marc:subfield code="c">2000</marc:subfield>
		</marc:datafield>
		<marc:datafield tag="300" ind1=" " ind2=" " ind3=" " ind4=" " ind5=" ">
			<marc:subfield code="a">287 S.</marc:subfield>
			<marc:subfield code="c">18 cm</marc:subfield>
		</marc:datafield>
		<marc:datafield tag="336" ind1=" " ind2=" ">
			<marc:subfield code="a">text</marc:subfield>
			<marc:subfield code="b">txt</marc:subfield>
			<marc:subfield code="2">rdacontent</marc:subfield>
			<marc:subfield code="0">http://rdaregistry.info/termList/RDAContentType/1020</marc:subfield>
		</marc:datafield>
		<marc:datafield tag="337" ind1=" " ind2=" ">
			<marc:subfield code="a">unmediated</marc:subfield>
			<marc:subfield code="b">n</marc:subfield>
			<marc:subfield code="2">rdamedia</marc:subfield>
			<marc:subfield code="0">http://rdaregistry.info/termList/RDAMediaType/1007</marc:subfield>
		</marc:datafield>
		<marc:datafield tag="338" ind1=" " ind2=" ">
			<marc:subfield code="a">volume</marc:subfield>
			<marc:subfield code="b">nc</marc:subfield>
			<marc:subfield code="2">rdacarrier</marc:subfield>
			<marc:subfield code="0">http://rdaregistry.info/termList/RDACarrierType/1049</marc:subfield>
		</marc:datafield>
		<marc:datafield tag="490" ind1=" " ind2=" " ind3=" " ind4=" " ind5=" ">
			<marc:subfield code="a">Scherz-Krimis - die mit den Streifen</marc:subfield>
			<marc:subfield code="v">1756</marc:subfield>
		</marc:datafield>
		<marc:datafield tag="583" ind1=" " ind2=" " ind3=" " ind4=" " ind5=" ">
			<marc:subfield code="8">1901190143</marc:subfield>
			<marc:subfield code="a">dea</marc:subfield>
			<marc:subfield code="i">ps</marc:subfield>
			<marc:subfield code="c">NB060-2006</marc:subfield>
			<marc:subfield code="l">nt</marc:subfield>
		</marc:datafield>
		<marc:datafield tag="600" ind1=" " ind2="0">
			<marc:subfield code="a">Veum, Varg</marc:subfield>
			<marc:subfield code="c">(Fiktiv person)</marc:subfield>
			<marc:subfield code="v">Fiksjon.</marc:subfield>
			<marc:subfield code="0">http://viaf.org/viaf/28152986705012672996</marc:subfield>
		</marc:datafield>
		<marc:datafield tag="700" ind1="1" ind2=" ">
			<marc:subfield code="a">Hartmann-Butt, Kerstin</marc:subfield>
			<marc:subfield code="d">1960-</marc:subfield>
			<marc:subfield code="4">trl</marc:subfield>
			<marc:subfield code="0">http://viaf.org/viaf/81683758</marc:subfield>
		</marc:datafield>
		<marc:datafield tag="700" ind1="1" ind2=" ">
			<marc:subfield code="a">Staalesen, Gunnar</marc:subfield>
			<marc:subfield code="d">1947-</marc:subfield>
			<marc:subfield code="i">is translation of</marc:subfield>
			<marc:subfield code="t">Din, til døden.</marc:subfield>
			<marc:subfield code="0">http://viaf.org/viaf/309415902</marc:subfield>
			<marc:subfield code="4">http://rdaregistry.info/Elements/e/P20141</marc:subfield>
		</marc:datafield>
		<marc:datafield tag="700" ind1="1" ind2=" ">
			<marc:subfield code="a">Staalesen, Gunnar</marc:subfield>
			<marc:subfield code="d">1947-</marc:subfield>
			<marc:subfield code="i">is sequel to</marc:subfield>
			<marc:subfield code="t">Bukken til havresekken.</marc:subfield>
			<marc:subfield code="0">http://viaf.org/viaf/309365497</marc:subfield>
			<marc:subfield code="4">http://rdaregistry.info/Elements/w/P10227</marc:subfield>
		</marc:datafield>
		<marc:datafield tag="700" ind1="1" ind2=" ">
			<marc:subfield code="a">Staalesen, Gunnar</marc:subfield>
			<marc:subfield code="d">1947-</marc:subfield>
			<marc:subfield code="i">has sequel work</marc:subfield>
			<marc:subfield code="t">Tornerose sov i hundre år.</marc:subfield>
			<marc:subfield code="0">http://viaf.org/viaf/309392143</marc:subfield>
			<marc:subfield code="4">http://rdaregistry.info/Elements/w/P10020</marc:subfield>
		</marc:datafield>
		<marc:datafield tag="830" ind1=" " ind2=" " ind3=" " ind4=" " ind5=" ">
			<marc:subfield code="a">Scherz</marc:subfield>
			<marc:subfield code="v">1756</marc:subfield>
		</marc:datafield>
		<marc:datafield tag="898" ind1=" " ind2=" " ind3=" " ind4=" " ind5=" ">
			<marc:subfield code="a">BK020000</marc:subfield>
			<marc:subfield code="b">XK020000</marc:subfield>
			<marc:subfield code="c">XK020000</marc:subfield>
		</marc:datafield>
	</marc:record>