
	<marc:record>
		<marc:leader>01659a22 a5000433       </marc:leader>
		<marc:controlfield tag="001">544823338</marc:controlfield>
		<marc:controlfield tag="003">CHVBK</marc:controlfield>
		<marc:controlfield tag="005">20190131140714.0</marc:controlfield>
		<marc:controlfield tag="008">010516s2001 sz 00 1dger d</marc:controlfield>
		<marc:datafield tag="020" ind1=" " ind2=" " ind3=" " ind4=" " ind5=" ">
			<marc:subfield code="a">3-502-51784-3</marc:subfield>
			<marc:subfield code="q">(brosch.)</marc:subfield>
		</marc:datafield>
		<marc:datafield tag="035" ind1=" " ind2=" " ind3=" " ind4=" " ind5=" ">
			<marc:subfield code="a">(SNL)991013915399703976</marc:subfield>
		</marc:datafield>
		<marc:datafield tag="035" ind1=" " ind2=" " ind3=" " ind4=" " ind5=" ">
			<marc:subfield code="a">(Sz)1283488-41snl_51</marc:subfield>
		</marc:datafield>
		<marc:datafield tag="035" ind1=" " ind2=" " ind3=" " ind4=" " ind5=" ">
			<marc:subfield code="a">(Sz)vtls001283488</marc:subfield>
		</marc:datafield>
		<marc:datafield tag="035" ind1=" " ind2=" " ind3=" " ind4=" " ind5=" ">
			<marc:subfield code="a">(Sz)001283488</marc:subfield>
		</marc:datafield>
		<marc:datafield tag="040" ind1=" " ind2=" " ind3=" " ind4=" " ind5=" ">
			<marc:subfield code="a">Sz</marc:subfield>
			<marc:subfield code="c">Sz</marc:subfield>
		</marc:datafield>
		<marc:datafield tag="041" ind1=" " ind2=" " ind3=" " ind4=" " ind5=" ">
			<marc:subfield code="a">ger</marc:subfield>
			<marc:subfield code="h">nor</marc:subfield>
		</marc:datafield>
		<marc:datafield tag="082" ind1=" " ind2=" " ind3=" " ind4=" " ind5=" ">
			<marc:subfield code="a">830</marc:subfield>
			<marc:subfield code="2">21sdnb</marc:subfield>
		</marc:datafield>
		<marc:datafield tag="100" ind1=" " ind2=" " ind3=" " ind4=" " ind5=" ">
			<marc:subfield code="a">Staalesen, Gunnar</marc:subfield>
			<marc:subfield code="d">1947-</marc:subfield>
			<marc:subfield code="4">aut</marc:subfield>
			<marc:subfield code="0">http://viaf.org/viaf/115049141</marc:subfield>
		</marc:datafield>
		<marc:datafield tag="240" ind1="1" ind2=" ">
			<marc:subfield code="a">Tornerose sov i hundre år.</marc:subfield>
			<marc:subfield code="l">nor</marc:subfield>
			<marc:subfield code="0">http://viaf.org/viaf/309392143</marc:subfield>
		</marc:datafield>
		<marc:datafield tag="245" ind1=" " ind2=" " ind3=" " ind4=" " ind5=" ">
			<marc:subfield code="a">Dornröschen schlief wohl hundert Jahr.</marc:subfield>
		</marc:datafield>
		<marc:datafield tag="250" ind1=" " ind2=" " ind3=" " ind4=" " ind5=" ">
			<marc:subfield code="a">1. Aufl.</marc:subfield>
		</marc:datafield>
		<marc:datafield tag="260" ind1=" " ind2=" " ind3=" " ind4=" " ind5=" ">
			<marc:subfield code="a">Bern [etc.]</marc:subfield>
			<marc:subfield code="b">Scherz</marc:subfield>
			<marc:subfield code="c">2001</marc:subfield>
		</marc:datafield>
		<marc:datafield tag="300" ind1=" " ind2=" " ind3=" " ind4=" " ind5=" ">
			<marc:subfield code="a">253 S.</marc:subfield>
			<marc:subfield code="c">18 cm</marc:subfield>
		</marc:datafield>
		<marc:datafield tag="336" ind1=" " ind2=" ">
			<marc:subfield code="a">text</marc:subfield>
			<marc:subfield code="b">txt</marc:subfield>
			<marc:subfield code="2">rdacontent</marc:subfield>
			<marc:subfield code="0">http://rdaregistry.info/termList/RDAContentType/1020</marc:subfield>
		</marc:datafield>
		<marc:datafield tag="337" ind1=" " ind2=" ">
			<marc:subfield code="a">unmediated</marc:subfield>
			<marc:subfield code="b">n</marc:subfield>
			<marc:subfield code="2">rdamedia</marc:subfield>
			<marc:subfield code="0">http://rdaregistry.info/termList/RDAMediaType/1007</marc:subfield>
		</marc:datafield>
		<marc:datafield tag="338" ind1=" " ind2=" ">
			<marc:subfield code="a">volume</marc:subfield>
			<marc:subfield code="b">nc</marc:subfield>
			<marc:subfield code="2">rdacarrier</marc:subfield>
			<marc:subfield code="0">http://rdaregistry.info/termList/RDACarrierType/1049</marc:subfield>
		</marc:datafield>
		<marc:datafield tag="490" ind1=" " ind2=" " ind3=" " ind4=" " ind5=" ">
			<marc:subfield code="a">Scherz-Krimis - die mit den Streifen</marc:subfield>
			<marc:subfield code="v">1784</marc:subfield>
		</marc:datafield>
		<marc:datafield tag="583" ind1=" " ind2=" " ind3=" " ind4=" " ind5=" ">
			<marc:subfield code="8">1901215526</marc:subfield>
			<marc:subfield code="a">dea</marc:subfield>
			<marc:subfield code="i">ps</marc:subfield>
			<marc:subfield code="c">NB060-2006</marc:subfield>
			<marc:subfield code="l">nt</marc:subfield>
		</marc:datafield>
		<marc:datafield tag="600" ind1=" " ind2="0">
			<marc:subfield code="a">Veum, Varg</marc:subfield>
			<marc:subfield code="c">(Fiktiv person)</marc:subfield>
			<marc:subfield code="v">Fiksjon.</marc:subfield>
			<marc:subfield code="0">http://viaf.org/viaf/28152986705012672996</marc:subfield>
		</marc:datafield>
		<marc:datafield tag="700" ind1=" " ind2=" " ind3=" " ind4=" " ind5=" ">
			<marc:subfield code="a">Hartmann-Butt, Kerstin</marc:subfield>
			<marc:subfield code="d">1960-</marc:subfield>
			<marc:subfield code="4">trl</marc:subfield>
			<marc:subfield code="0">http://viaf.org/viaf/81683758</marc:subfield>
		</marc:datafield>
		<marc:datafield tag="700" ind1="1" ind2=" ">
			<marc:subfield code="a">Staalesen, Gunnar</marc:subfield>
			<marc:subfield code="d">1947-</marc:subfield>
			<marc:subfield code="i">is translation of</marc:subfield>
			<marc:subfield code="t">Tornerose sov i hundre år.</marc:subfield>
			<marc:subfield code="0">http://viaf.org/viaf/309392143</marc:subfield>
			<marc:subfield code="4">http://rdaregistry.info/Elements/e/P20141</marc:subfield>
		</marc:datafield>
		<marc:datafield tag="700" ind1="1" ind2=" ">
			<marc:subfield code="a">Staalesen, Gunnar</marc:subfield>
			<marc:subfield code="d">1947-</marc:subfield>
			<marc:subfield code="i">is sequel to</marc:subfield>
			<marc:subfield code="t">Din, til døden.</marc:subfield>
			<marc:subfield code="0">http://viaf.org/viaf/309415902</marc:subfield>
			<marc:subfield code="4">http://rdaregistry.info/Elements/w/P10227</marc:subfield>
		</marc:datafield>
		<marc:datafield tag="700" ind1="1" ind2=" ">
			<marc:subfield code="a">Staalesen, Gunnar</marc:subfield>
			<marc:subfield code="d">1947-</marc:subfield>
			<marc:subfield code="i">has sequel work</marc:subfield>
			<marc:subfield code="t">Kvinnen i kjøleskapet.</marc:subfield>
			<marc:subfield code="0">http://viaf.org/viaf/309324794</marc:subfield>
			<marc:subfield code="4">http://rdaregistry.info/Elements/w/P10020</marc:subfield>
		</marc:datafield>
		<marc:datafield tag="830" ind1=" " ind2=" " ind3=" " ind4=" " ind5=" ">
			<marc:subfield code="a">Scherz</marc:subfield>
			<marc:subfield code="v">1784</marc:subfield>
		</marc:datafield>
		<marc:datafield tag="898" ind1=" " ind2=" " ind3=" " ind4=" " ind5=" ">
			<marc:subfield code="a">BK020000</marc:subfield>
			<marc:subfield code="b">XK020000</marc:subfield>
			<marc:subfield code="c">XK020000</marc:subfield>
		</marc:datafield>
	</marc:record>