
	<marc:record>
		<marc:leader>01992a22 a5000373       </marc:leader>
		<marc:controlfield tag="001">508469279</marc:controlfield>
		<marc:controlfield tag="003">CHVBK</marc:controlfield>
		<marc:controlfield tag="005">20180312063721.0</marc:controlfield>
		<marc:controlfield tag="006">m | </marc:controlfield>
		<marc:controlfield tag="007">cr || ||||||||</marc:controlfield>
		<marc:controlfield tag="008">180228s2017 fr a 0 fre d</marc:controlfield>
		<marc:datafield tag="020" ind1=" " ind2=" " ind3=" " ind4=" " ind5=" ">
			<marc:subfield code="a">978-2-84720-792-7</marc:subfield>
		</marc:datafield>
		<marc:datafield tag="035" ind1=" " ind2=" " ind3=" " ind4=" " ind5=" ">
			<marc:subfield code="a">(RERO)R008770856</marc:subfield>
		</marc:datafield>
		<marc:datafield tag="040" ind1=" " ind2=" " ind3=" " ind4=" " ind5=" ">
			<marc:subfield code="a">CH-MyRERO</marc:subfield>
			<marc:subfield code="d">CHVBK</marc:subfield>
		</marc:datafield>
		<marc:datafield tag="041" ind1=" " ind2=" " ind3=" " ind4=" " ind5=" ">
			<marc:subfield code="a">fre</marc:subfield>
			<marc:subfield code="h">nor</marc:subfield>
		</marc:datafield>
		<marc:datafield tag="072" ind1=" " ind2=" " ind3=" " ind4=" " ind5=" ">
			<marc:subfield code="a">s1al</marc:subfield>
			<marc:subfield code="2">rero</marc:subfield>
		</marc:datafield>
		<marc:datafield tag="100" ind1=" " ind2=" " ind3=" " ind4=" " ind5=" ">
			<marc:subfield code="a">Staalesen, Gunnar</marc:subfield>
			<marc:subfield code="d">1947-</marc:subfield>
			<marc:subfield code="4">aut</marc:subfield>
			<marc:subfield code="0">http://viaf.org/viaf/115049141</marc:subfield>
		</marc:datafield>
		<marc:datafield tag="240" ind1="1" ind2=" ">
			<marc:subfield code="a">Vi skal arve vinden.</marc:subfield>
			<marc:subfield code="l">nor</marc:subfield>
			<marc:subfield code="0">http://viaf.org/viaf/308664515</marc:subfield>
		</marc:datafield>
		<marc:datafield tag="245" ind1=" " ind2=" " ind3=" " ind4=" " ind5=" ">
			<marc:subfield code="a">Le vent l'emportera.</marc:subfield>
		</marc:datafield>
		<marc:datafield tag="260" ind1=" " ind2=" " ind3=" " ind4=" " ind5=" ">
			<marc:subfield code="a">[S.l.]</marc:subfield>
			<marc:subfield code="b">Gaïa Éditions</marc:subfield>
			<marc:subfield code="c">2017</marc:subfield>
		</marc:datafield>
		<marc:datafield tag="300" ind1=" " ind2=" " ind3=" " ind4=" " ind5=" ">
			<marc:subfield code="a">1 livre électronique (e-book)</marc:subfield>
		</marc:datafield>
		<marc:datafield tag="336" ind1=" " ind2=" ">
			<marc:subfield code="a">text</marc:subfield>
			<marc:subfield code="b">txt</marc:subfield>
			<marc:subfield code="2">rdacontent</marc:subfield>
			<marc:subfield code="0">http://rdaregistry.info/termList/RDAContentType/1020</marc:subfield>
		</marc:datafield>
		<marc:datafield tag="337" ind1=" " ind2=" ">
			<marc:subfield code="a">computer</marc:subfield>
			<marc:subfield code="b">c</marc:subfield>
			<marc:subfield code="2">rdamedia</marc:subfield>
			<marc:subfield code="0">http://rdaregistry.info/termList/RDAMediaType/1003</marc:subfield>
		</marc:datafield>
		<marc:datafield tag="338" ind1=" " ind2=" ">
			<marc:subfield code="a">online resource</marc:subfield>
			<marc:subfield code="b">cr</marc:subfield>
			<marc:subfield code="2">rdacarrier</marc:subfield>
			<marc:subfield code="0">http://rdaregistry.info/termList/RDACarrierType/1018</marc:subfield>
		</marc:datafield>
		<marc:datafield tag="500" ind1=" " ind2=" " ind3=" " ind4=" " ind5=" ">
			<marc:subfield code="a">Livre numérique au format EPUB</marc:subfield>
		</marc:datafield>
		<marc:datafield tag="500" ind1=" " ind2=" " ind3=" " ind4=" " ind5=" ">
			<marc:subfield code="a">Titre provenant de l'éditeur</marc:subfield>
		</marc:datafield>
		<marc:datafield tag="530" ind1=" " ind2=" " ind3=" " ind4=" " ind5=" ">
			<marc:subfield code="a">Existe aussi sous forme papier</marc:subfield>
		</marc:datafield>
		<marc:datafield tag="600" ind1=" " ind2="0">
			<marc:subfield code="a">Veum, Varg</marc:subfield>
			<marc:subfield code="c">(Fiktiv person)</marc:subfield>
			<marc:subfield code="v">Fiksjon.</marc:subfield>
			<marc:subfield code="0">http://viaf.org/viaf/28152986705012672996</marc:subfield>
		</marc:datafield>
		<marc:datafield tag="700" ind1="1" ind2=" ">
			<marc:subfield code="a">Staalesen, Gunnar</marc:subfield>
			<marc:subfield code="d">1947-</marc:subfield>
			<marc:subfield code="i">is sequel to</marc:subfield>
			<marc:subfield code="t">Kalde hjerter.</marc:subfield>
			<marc:subfield code="0">http://viaf.org/viaf/5591155105783076320007</marc:subfield>
			<marc:subfield code="4">http://rdaregistry.info/Elements/w/P10227</marc:subfield>
		</marc:datafield>
		<marc:datafield tag="700" ind1="1" ind2=" ">
			<marc:subfield code="a">Staalesen, Gunnar</marc:subfield>
			<marc:subfield code="d">1947-</marc:subfield>
			<marc:subfield code="i">has sequel work</marc:subfield>
			<marc:subfield code="t">Der hvor roser aldri dør.</marc:subfield>
			<marc:subfield code="0">http://viaf.org/viaf/307151423</marc:subfield>
			<marc:subfield code="4">http://rdaregistry.info/Elements/w/P10020</marc:subfield>
		</marc:datafield>
		<marc:datafield tag="898" ind1=" " ind2=" " ind3=" " ind4=" " ind5=" ">
			<marc:subfield code="a">BK020053</marc:subfield>
			<marc:subfield code="b">XK020053</marc:subfield>
			<marc:subfield code="c">XK020000</marc:subfield>
		</marc:datafield>
	</marc:record>