
	<marc:record>
		<marc:leader>00678a22 a 400241       </marc:leader>
		<marc:controlfield tag="001">189755679</marc:controlfield>
		<marc:controlfield tag="003">CHVBK</marc:controlfield>
		<marc:controlfield tag="005">20160604031300.0</marc:controlfield>
		<marc:controlfield tag="008">031029s2003 no 00 nor </marc:controlfield>
		<marc:datafield tag="020" ind1=" " ind2=" ">
			<marc:subfield code="a">82-03-18072-8</marc:subfield>
		</marc:datafield>
		<marc:datafield tag="035" ind1=" " ind2=" ">
			<marc:subfield code="a">(OCoLC)728716166</marc:subfield>
		</marc:datafield>
		<marc:datafield tag="035" ind1=" " ind2=" ">
			<marc:subfield code="a">(NEBIS)008564005</marc:subfield>
		</marc:datafield>
		<marc:datafield tag="040" ind1=" " ind2=" ">
			<marc:subfield code="a">SzZuIDS NEBIS UZH</marc:subfield>
		</marc:datafield>
		<marc:datafield tag="100" ind1="1" ind2=" ">
			<marc:subfield code="a">Nesbø, Jo</marc:subfield>
			<marc:subfield code="d">1960-</marc:subfield>
			<marc:subfield code="4">aut</marc:subfield>
			<marc:subfield code="0">http://viaf.org/viaf/44460209</marc:subfield>
		</marc:datafield>
		<marc:datafield tag="240" ind1="1" ind2=" ">
			<marc:subfield code="a">Flaggermusmannen.</marc:subfield>
			<marc:subfield code="l">nor</marc:subfield>
			<marc:subfield code="0">http://viaf.org/viaf/2536149068402365730009</marc:subfield>
		</marc:datafield>
		<marc:datafield tag="245" ind1="1" ind2="0">
			<marc:subfield code="a">Flaggermusmannen.</marc:subfield>
		</marc:datafield>
		<marc:datafield tag="250" ind1=" " ind2=" ">
			<marc:subfield code="a">4. Aufl</marc:subfield>
		</marc:datafield>
		<marc:datafield tag="260" ind1=" " ind2=" ">
			<marc:subfield code="a">Oslo</marc:subfield>
			<marc:subfield code="b">Aschehoug</marc:subfield>
			<marc:subfield code="c">2003</marc:subfield>
		</marc:datafield>
		<marc:datafield tag="300" ind1=" " ind2=" ">
			<marc:subfield code="a">338 S.</marc:subfield>
		</marc:datafield>
		<marc:datafield tag="336" ind1=" " ind2=" ">
			<marc:subfield code="a">text</marc:subfield>
			<marc:subfield code="b">txt</marc:subfield>
			<marc:subfield code="2">rdacontent</marc:subfield>
			<marc:subfield code="0">http://rdaregistry.info/termList/RDAContentType/1020</marc:subfield>
		</marc:datafield>
		<marc:datafield tag="337" ind1=" " ind2=" ">
			<marc:subfield code="a">unmediated</marc:subfield>
			<marc:subfield code="b">n</marc:subfield>
			<marc:subfield code="2">rdamedia</marc:subfield>
			<marc:subfield code="0">http://rdaregistry.info/termList/RDAMediaType/1007</marc:subfield>
		</marc:datafield>
		<marc:datafield tag="338" ind1=" " ind2=" ">
			<marc:subfield code="a">volume</marc:subfield>
			<marc:subfield code="b">nc</marc:subfield>
			<marc:subfield code="2">rdacarrier</marc:subfield>
			<marc:subfield code="0">http://rdaregistry.info/termList/RDACarrierType/1049</marc:subfield>
		</marc:datafield>
		<marc:datafield tag="600" ind1=" " ind2="0">
			<marc:subfield code="a">Hole, Harry</marc:subfield>
			<marc:subfield code="c">(Fiktiv person)</marc:subfield>
			<marc:subfield code="v">Fiksjon.</marc:subfield>
			<marc:subfield code="0">http://viaf.org/viaf/31151715598213781507</marc:subfield>
		</marc:datafield>
		<marc:datafield tag="700" ind1="1" ind2=" ">
			<marc:subfield code="a">Nesbø, Jo</marc:subfield>
			<marc:subfield code="d">1960-</marc:subfield>
			<marc:subfield code="i">has sequel work</marc:subfield>
			<marc:subfield code="t">Kakerlakkene.</marc:subfield>
			<marc:subfield code="0">http://viaf.org/viaf/9466149068473065730001</marc:subfield>
			<marc:subfield code="4">http://rdaregistry.info/Elements/w/P10020</marc:subfield>
		</marc:datafield>
		<marc:datafield tag="898" ind1=" " ind2=" ">
			<marc:subfield code="a">BK020000</marc:subfield>
			<marc:subfield code="b">XK020000</marc:subfield>
			<marc:subfield code="c">XK020000</marc:subfield>
		</marc:datafield>
	</marc:record>