
	<marc:record>
		<marc:leader>01080a22 a 400325       </marc:leader>
		<marc:controlfield tag="001">175226148</marc:controlfield>
		<marc:controlfield tag="003">CHVBK</marc:controlfield>
		<marc:controlfield tag="005">20160604032544.0</marc:controlfield>
		<marc:controlfield tag="008">130624s2013 no 00 nor </marc:controlfield>
		<marc:datafield tag="020" ind1=" " ind2=" ">
			<marc:subfield code="a">978-82-03-35294-2</marc:subfield>
		</marc:datafield>
		<marc:datafield tag="020" ind1=" " ind2=" ">
			<marc:subfield code="a">978-82-525-8170-6 (Bokklubben)</marc:subfield>
		</marc:datafield>
		<marc:datafield tag="035" ind1=" " ind2=" ">
			<marc:subfield code="a">(OCoLC)855333064</marc:subfield>
		</marc:datafield>
		<marc:datafield tag="035" ind1=" " ind2=" ">
			<marc:subfield code="a">(NEBIS)009897801</marc:subfield>
		</marc:datafield>
		<marc:datafield tag="040" ind1=" " ind2=" ">
			<marc:subfield code="a">SzZuIDS NEBIS ZBZ</marc:subfield>
		</marc:datafield>
		<marc:datafield tag="100" ind1="1" ind2=" ">
			<marc:subfield code="a">Nesbø, Jo</marc:subfield>
			<marc:subfield code="d">1960-</marc:subfield>
			<marc:subfield code="4">aut</marc:subfield>
			<marc:subfield code="0">http://viaf.org/viaf/44460209</marc:subfield>
		</marc:datafield>
		<marc:datafield tag="240" ind1="1" ind2=" ">
			<marc:subfield code="a">Politi.</marc:subfield>
			<marc:subfield code="l">nor</marc:subfield>
			<marc:subfield code="0">http://viaf.org/viaf/4488148523904320970008</marc:subfield>
		</marc:datafield>
		<marc:datafield tag="245" ind1="1" ind2="0">
			<marc:subfield code="a">Politi.</marc:subfield>
		</marc:datafield>
		<marc:datafield tag="250" ind1=" " ind2=" ">
			<marc:subfield code="a">4. oppl</marc:subfield>
		</marc:datafield>
		<marc:datafield tag="260" ind1=" " ind2=" ">
			<marc:subfield code="a">Oslo</marc:subfield>
			<marc:subfield code="b">Aschehoug</marc:subfield>
			<marc:subfield code="c">2013</marc:subfield>
		</marc:datafield>
		<marc:datafield tag="300" ind1=" " ind2=" ">
			<marc:subfield code="a">526 S.</marc:subfield>
		</marc:datafield>
		<marc:datafield tag="336" ind1=" " ind2=" ">
			<marc:subfield code="a">text</marc:subfield>
			<marc:subfield code="b">txt</marc:subfield>
			<marc:subfield code="2">rdacontent</marc:subfield>
			<marc:subfield code="0">http://rdaregistry.info/termList/RDAContentType/1020</marc:subfield>
		</marc:datafield>
		<marc:datafield tag="337" ind1=" " ind2=" ">
			<marc:subfield code="a">unmediated</marc:subfield>
			<marc:subfield code="b">n</marc:subfield>
			<marc:subfield code="2">rdamedia</marc:subfield>
			<marc:subfield code="0">http://rdaregistry.info/termList/RDAMediaType/1007</marc:subfield>
		</marc:datafield>
		<marc:datafield tag="338" ind1=" " ind2=" ">
			<marc:subfield code="a">volume</marc:subfield>
			<marc:subfield code="b">nc</marc:subfield>
			<marc:subfield code="2">rdacarrier</marc:subfield>
			<marc:subfield code="0">http://rdaregistry.info/termList/RDACarrierType/1049</marc:subfield>
		</marc:datafield>
		<marc:datafield tag="600" ind1=" " ind2="0">
			<marc:subfield code="a">Hole, Harry</marc:subfield>
			<marc:subfield code="c">(Fiktiv person)</marc:subfield>
			<marc:subfield code="v">Fiksjon.</marc:subfield>
			<marc:subfield code="0">http://viaf.org/viaf/31151715598213781507</marc:subfield>
		</marc:datafield>
		<marc:datafield tag="650" ind1=" " ind2="7">
			<marc:subfield code="a">Norsk</marc:subfield>
		</marc:datafield>
		<marc:datafield tag="655" ind1=" " ind2="4">
			<marc:subfield code="a">Kriminalroman.</marc:subfield>
		</marc:datafield>
		<marc:datafield tag="655" ind1=" " ind2="7">
			<marc:subfield code="a">Tekst.</marc:subfield>
		</marc:datafield>
		<marc:datafield tag="700" ind1="1" ind2=" ">
			<marc:subfield code="a">Nesbø, Jo</marc:subfield>
			<marc:subfield code="d">1960-</marc:subfield>
			<marc:subfield code="i">is sequel to</marc:subfield>
			<marc:subfield code="t">Gjenferd.</marc:subfield>
			<marc:subfield code="0">http://viaf.org/viaf/312459486</marc:subfield>
			<marc:subfield code="4">http://rdaregistry.info/Elements/w/P10227</marc:subfield>
		</marc:datafield>
		<marc:datafield tag="700" ind1="1" ind2=" ">
			<marc:subfield code="a">Nesbø, Jo</marc:subfield>
			<marc:subfield code="d">1960-</marc:subfield>
			<marc:subfield code="i">has sequel work</marc:subfield>
			<marc:subfield code="t">Tørst.</marc:subfield>
			<marc:subfield code="0">http://viaf.org/viaf/1667149235086876690004</marc:subfield>
			<marc:subfield code="4">http://rdaregistry.info/Elements/w/P10020</marc:subfield>
		</marc:datafield>
		<marc:datafield tag="898" ind1=" " ind2=" ">
			<marc:subfield code="a">BK020000</marc:subfield>
			<marc:subfield code="b">XK020000</marc:subfield>
			<marc:subfield code="c">XK020000</marc:subfield>
		</marc:datafield>
	</marc:record>